@ARTICLE{papaloizou04,
   author = {{Papaloizou}, J.~C.~B. and {Nelson}, R.~P. and {Snellgrove}, M.~D.},
    title = "{The interaction of giant planets with a disc with MHD turbulence - III. Flow morphology and conditions for gap formation in local and global simulations}",
  journal = {\mnras},
   eprint = {arXiv:astro-ph/0308351},
 keywords = {accretion, accretion discs, instabilities, MHD, turbulence, planetary systems: formation, planetary systems: protoplanetary discs},
     year = 2004,
    month = may,
   volume = 350,
    pages = {829-848},
      doi = {10.1111/j.1365-2966.2004.07566.x},
   adsurl = {http://adsabs.harvard.edu/abs/2004MNRAS.350..829P},
  adsnote = {Provided by the SAO/NASA Astrophysics Data System}
}

@ARTICLE{paardekooper09,
   author = {{Paardekooper}, S.-J. and {Papaloizou}, J.~C.~B.},
    title = "{On the width and shape of the corotation region for low-mass planets}",
  journal = {\mnras},
archivePrefix = "arXiv",
   eprint = {0901.2263},
 keywords = {planets and satellites: formation , planetary systems: formation},
     year = 2009,
    month = apr,
   volume = 394,
    pages = {2297-2309},
      doi = {10.1111/j.1365-2966.2009.14512.x},
   adsurl = {http://adsabs.harvard.edu/abs/2009MNRAS.394.2297P},
  adsnote = {Provided by the SAO/NASA Astrophysics Data System}
}

@Article{kevlahan97,
author ="N.K.-R. Kevlahan ",
title = "{The vorticity jump across a shock in a non-uniform flow}",
journal ="J. Fluid Mech.",
volume="341",
year="1997",
pages="371-384",
keyword="",
}

@ARTICLE{li05,
   author = {{Li}, H. and {Li}, S. and {Koller}, J. and {Wendroff}, B.~B. and
        {Liska}, R. and {Orban}, C.~M. and {Liang}, E.~P.~T. and {Lin}, D.~N.~C.
        },
    title = "{Potential Vorticity Evolution of a Protoplanetary Disk with an Embedded Protoplanet}",
  journal = {\apj},
   eprint = {arXiv:astro-ph/0503404},
 keywords = {Accretion, Accretion Disks, Hydrodynamics, Stars: Planetary Systems: Protoplanetary Disks},
     year = 2005,
    month = may,
   volume = 624,
    pages = {1003-1009},
      doi = {10.1086/429367},
   adsurl = {http://adsabs.harvard.edu/abs/2005ApJ...624.1003L},
  adsnote = {Provided by the SAO/NASA Astrophysics Data System}
}

@ARTICLE{valborro07,
   author = {{de Val-Borro}, M. and {Artymowicz}, P. and {D'Angelo}, G. and
        {Peplinski}, A.},
    title = "{Vortex generation in protoplanetary disks with an embedded giant planet}",
  journal = {\aap},
archivePrefix = "arXiv",
   eprint = {0706.3200},
 keywords = {planet and satellites: general, accretion, accretion disks, hydrodynamics, instabilities, methods: numerical},
     year = 2007,
    month = sep,
   volume = 471,
    pages = {1043-1055},
      doi = {10.1051/0004-6361:20077169},
   adsurl = {http://adsabs.harvard.edu/abs/2007A%26A...471.1043D},
  adsnote = {Provided by the SAO/NASA Astrophysics Data System}
}

@ARTICLE{valborro06,
   author = {{de Val-Borro}, M. {et al.}},
    title = "{A comparative study of disc-planet interaction}",
  journal = {\mnras},
   eprint = {arXiv:astro-ph/0605237},
 keywords = {accretion, accretion discs: hydrodynamics: planets and satellites: general},
     year = 2006,
    month = aug,
   volume = 370,
    pages = {529-558},
      doi = {10.1111/j.1365-2966.2006.10488.x},
   adsurl = {http://adsabs.harvard.edu/abs/2006MNRAS.370..529D},
  adsnote = {Provided by the SAO/NASA Astrophysics Data System}
}

@ARTICLE{ou07,
   author = {{Ou}, S. and {Ji}, J. and {Liu}, L. and {Peng}, X.},
    title = "{Disk-Planet Interaction Simulations. I. Baroclinic Generation of Vortensity and Nonaxisymmetric Rossby Wave Instability}",
  journal = {\apj},
archivePrefix = "arXiv",
   eprint = {0706.3404},
 keywords = {Accretion, Accretion Disks, Hydrodynamics, Instabilities, Methods: Numerical, Stars: Planetary Systems: Protoplanetary Disks},
     year = 2007,
    month = oct,
   volume = 667,
    pages = {1220-1228},
      doi = {10.1086/521012},
   adsurl = {http://adsabs.harvard.edu/abs/2007ApJ...667.1220O},
  adsnote = {Provided by the SAO/NASA Astrophysics Data System}
}


@ARTICLE{koller03,
   author = {{Koller}, J. and {Li}, H. and {Lin}, D.~N.~C.},
    title = "{Vortices in the Co-orbital Region of an Embedded Protoplanet}",
  journal = {\apjl},
   eprint = {arXiv:astro-ph/0308358},
 keywords = {Accretion, Accretion Disks, Hydrodynamics, Stars: Planetary Systems: Protoplanetary Disks},
     year = 2003,
    month = oct,
   volume = 596,
    pages = {L91-L94},
      doi = {10.1086/379032},
   adsurl = {http://adsabs.harvard.edu/abs/2003ApJ...596L..91K},
  adsnote = {Provided by the SAO/NASA Astrophysics Data System}
}

@ARTICLE{papaloizou85,
   author = {{Papaloizou}, J.~C.~B. and {Pringle}, J.~E.},
    title = "{The dynamical stability of differentially rotating discs. II}",
  journal = {\mnras},
 keywords = {COMPUTATIONAL ASTROPHYSICS, KELVIN-HELMHOLTZ INSTABILITY, ROTARY STABILITY, ROTATING DISKS, ROTATING FLUIDS, ANGULAR MOMENTUM, EQUILIBRIUM EQUATIONS, SHEAR FLOW, SOUND WAVES},
     year = 1985,
    month = apr,
   volume = 213,
    pages = {799-820},
   adsurl = {http://adsabs.harvard.edu/abs/1985MNRAS.213..799P},
  adsnote = {Provided by the SAO/NASA Astrophysics Data System}
}

@ARTICLE{masset03,
   author = {{Masset}, F.~S. and {Papaloizou}, J.~C.~B.},
    title = "{Runaway Migration and the Formation of Hot Jupiters}",
  journal = {\apj},
   eprint = {arXiv:astro-ph/0301171},
 keywords = {Accretion, Accretion Disks, Hydrodynamics, Methods: Numerical, Stars: Planetary Systems: Formation, Stars: Planetary Systems: Protoplanetary Disks},
     year = 2003,
    month = may,
   volume = 588,
    pages = {494-508},
      doi = {10.1086/373892},
   adsurl = {http://adsabs.harvard.edu/abs/2003ApJ...588..494M},
  adsnote = {Provided by the SAO/NASA Astrophysics Data System}
}


@ARTICLE{papaloizou84,
   author = {{Papaloizou}, J.~C.~B. and {Pringle}, J.~E.},
    title = "{The dynamical stability of differentially rotating discs with constant specific angular momentum}",
  journal = {\mnras},
 keywords = {ACCRETION DISKS, ANGULAR MOMENTUM, ASTRONOMICAL MODELS, DYNAMIC STABILITY, ROTATING FLUIDS, TORUSES, EIGENVALUES, PERTURBATION THEORY, POLYTROPIC PROCESSES, QUASARS},
     year = 1984,
    month = jun,
   volume = 208,
    pages = {721-750},
   adsurl = {http://adsabs.harvard.edu/abs/1984MNRAS.208..721P},
  adsnote = {Provided by the SAO/NASA Astrophysics Data System}
}



@ARTICLE{papaloizou89,
   author = {{Papaloizou}, J.~C.~B. and {Lin}, D.~N.~C.},
    title = "{Nonaxisymmetric instabilities in thin self-gravitating rings and disks}",
  journal = {\apj},
 keywords = {ACCRETION DISKS, COMPUTATIONAL ASTROPHYSICS, GALACTIC EVOLUTION, GRAVITATIONAL EFFECTS, PLANETARY RINGS, PROTOSTARS, ASTRONOMICAL MODELS, FLOW STABILITY, PRE-MAIN SEQUENCE STARS, STELLAR MASS ACCRETION, VARIATIONAL PRINCIPLES, PLANETS, STABILITY, RINGS, GRAVITY EFFECTS, STRUCTURE, EVOLUTION, OSCILLATIONS, PERTURBATIONS, MODELS, THEORETICAL STUDIES, RESONANCE, HYDRODYNAMICS, CALCULATIONS, COROTATION, NUMERICAL METHODS, DENSITY},
     year = 1989,
    month = sep,
   volume = 344,
    pages = {645-668},
      doi = {10.1086/167832},
   adsurl = {http://adsabs.harvard.edu/abs/1989ApJ...344..645P},
  adsnote = {Provided by the SAO/NASA Astrophysics Data System}
}

@ARTICLE{lovelace99,
   author = {{Lovelace}, R.~V.~E. and {Li}, H. and {Colgate}, S.~A. and {Nelson}, A.~F.
	},
    title = "{Rossby Wave Instability of Keplerian Accretion Disks}",
  journal = {\apj},
   eprint = {arXiv:astro-ph/9809321},
 keywords = {ACCRETION, ACCRETION DISKS, HYDRODYNAMICS, INSTABILITIES, WAVES},
     year = 1999,
    month = mar,
   volume = 513,
    pages = {805-810},
      doi = {10.1086/306900},
   adsurl = {http://adsabs.harvard.edu/abs/1999ApJ...513..805L},
  adsnote = {Provided by the SAO/NASA Astrophysics Data System}
}

@ARTICLE{li00,
   author = {{Li}, H. and {Finn}, J.~M. and {Lovelace}, R.~V.~E. and {Colgate}, S.~A.
	},
    title = "{Rossby Wave Instability of Thin Accretion Disks. II. Detailed Linear Theory}",
  journal = {\apj},
   eprint = {arXiv:astro-ph/9907279},
 keywords = {ACCRETION, ACCRETION DISKS, HYDRODYNAMICS, INSTABILITIES, WAVES},
     year = 2000,
    month = apr,
   volume = 533,
    pages = {1023-1034},
      doi = {10.1086/308693},
   adsurl = {http://adsabs.harvard.edu/abs/2000ApJ...533.1023L},
  adsnote = {Provided by the SAO/NASA Astrophysics Data System}
}

@ARTICLE{li01,
   author = {{Li}, H. and {Colgate}, S.~A. and {Wendroff}, B. and {Liska}, R.
	},
    title = "{Rossby Wave Instability of Thin Accretion Disks. III. Nonlinear Simulations}",
  journal = {\apj},
   eprint = {arXiv:astro-ph/0012479},
 keywords = {Accretion, Accretion Disks, Hydrodynamics, Instabilities, Waves},
     year = 2001,
    month = apr,
   volume = 551,
    pages = {874-896},
      doi = {10.1086/320241},
   adsurl = {http://adsabs.harvard.edu/abs/2001ApJ...551..874L},
  adsnote = {Provided by the SAO/NASA Astrophysics Data System}
}

@ARTICLE{papaloizou06,
   author = {{Papaloizou}, J.~C.~B. and {Nelson}, R.~P. and {Kley}, W. and {Masset}, F.~S. and {Artymowicz}, P.
	},
    title = "{Disk-Planet Interactions During Planet Formation}",
  journal = {Protostars and Planets V},
     year = 2006,
    pages = {655-668}
}

@ARTICLE{balmforth01,
   author = {{Balmforth}, N.~J. and {Cunha}, M.~S. and {Dolez}, N. and {Gough}, D.~O. and 
	{Vauclair}, S.},
    title = "{On the excitation mechanism in roAp stars}",
  journal = {\mnras},
 keywords = {STARS: CHEMICALLY PECULIAR, STARS: MAGNETIC FIELDS, STARS: OSCILLATIONS, STARS: VARIABLES: OTHER},
     year = 2001,
    month = may,
   volume = 323,
    pages = {362-372},
      doi = {10.1046/j.1365-8711.2001.04182.x},
   adsurl = {http://adsabs.harvard.edu/abs/2001MNRAS.323..362B},
  adsnote = {Provided by the SAO/NASA Astrophysics Data System}
}

@ARTICLE{masset02,
   author = {{Masset}, F.~S.},
    title = "{The co-orbital corotation torque in a viscous disk: Numerical simulations}",
  journal = {\aap},
   eprint = {arXiv:astro-ph/0205211},
 keywords = {stars: planetary systems: formation, stars: planetary systems: protoplanetary disks, stars: planetary systems, hydrodynamics, methods: numerical},
     year = 2002,
    month = may,
   volume = 387,
    pages = {605-623},
      doi = {10.1051/0004-6361:20020240},
   adsurl = {http://adsabs.harvard.edu/abs/2002A%26A...387..605M},
  adsnote = {Provided by the SAO/NASA Astrophysics Data System}
}

@ARTICLE{peplinski08b,
   author = {{Pepli{\'n}ski}, A. and {Artymowicz}, P. and {Mellema}, G.},
    title = "{Numerical simulations of type III planetary migration - II. Inward migration of massive planets}",
  journal = {\mnras},
archivePrefix = "arXiv",
   eprint = {0709.3754},
 keywords = {accretion, accretion discs , hydrodynamics , methods: numerical , planets and satellites: formation},
     year = 2008,
    month = may,
   volume = 386,
    pages = {179-198},
      doi = {10.1111/j.1365-2966.2008.13046.x},
   adsurl = {http://adsabs.harvard.edu/abs/2008MNRAS.386..179P},
  adsnote = {Provided by the SAO/NASA Astrophysics Data System}
}
@BOOK{press92,
   author = {{Press}, W.~H. and {Teukolsky}, S.~A. and {Vetterling}, W.~T. and 
	{Flannery}, B.~P.},
    title = "{Numerical recipes in FORTRAN. The art of scientific computing}",
booktitle = {Cambridge: University Press, |c1992, 2nd ed.},
     year = 1992,
   adsurl = {http://adsabs.harvard.edu/abs/1992nrfa.book.....P},
  adsnote = {Provided by the SAO/NASA Astrophysics Data System}
}


@INBOOK{masset_kley06,
   author = {{Masset}, F. and {Kley}, W.},
    title = "{Disk-planet interaction and migration}",
booktitle = {Planet Formation},
     year = 2006,
    month = may,
   editor = {{Klahr}, H. and {Brandner}, W.},
publisher = {Cambridge University Press},
    pages = {216-+},
   adsurl = {http://adsabs.harvard.edu/abs/2006plfo.book..216M},
  adsnote = {Provided by the SAO/NASA Astrophysics Data System}
}

@ARTICLE{ward97,
   author = {{Ward}, W.~R.},
    title = "{Protoplanet Migration by Nebula Tides}",
  journal = {Icarus},
     year = 1997,
    month = apr,
   volume = 126,
    pages = {261-281},
      doi = {10.1006/icar.1996.5647},
   adsurl = {http://adsabs.harvard.edu/abs/1997Icar..126..261W},
  adsnote = {Provided by the SAO/NASA Astrophysics Data System}
}


@ARTICLE{artymowicz93,
   author = {{Artymowicz}, P.},
    title = "{On the Wave Excitation and a Generalized Torque Formula for Lindblad Resonances Excited by External Potential}",
  journal = {\apj},
 keywords = {GALAXIES: KINEMATICS AND DYNAMICS, HYDRODYNAMICS, SOLAR SYSTEM: FORMATION},
     year = 1993,
    month = dec,
   volume = 419,
    pages = {155-+},
      doi = {10.1086/173469},
   adsurl = {http://adsabs.harvard.edu/abs/1993ApJ...419..155A},
  adsnote = {Provided by the SAO/NASA Astrophysics Data System}
}

@INPROCEEDINGS{hayashi85,
   author = {{Hayashi}, C. and {Nakazawa}, K. and {Nakagawa}, Y.},
    title = "{Formation of the solar system}",
 keywords = {GALACTIC EVOLUTION, SOLAR SYSTEM, ASTEROIDS, COSMIC DUST, HELIUM, HYDROGEN, NATURAL SATELLITES, PROTOPLANETS, SOLAR CORONA, STELLAR EVOLUTION},
booktitle = {Protostars and Planets II},
     year = 1985,
   editor = {{Black}, D.~C. and {Matthews}, M.~S.},
    pages = {1100-1153},
   adsurl = {http://adsabs.harvard.edu/abs/1985prpl.conf.1100H},
  adsnote = {Provided by the SAO/NASA Astrophysics Data System}
}



@ARTICLE{lin86,
   author = {{Lin}, D.~N.~C. and {Papaloizou}, J.},
    title = "{On the tidal interaction between protoplanets and the protoplanetary disk. III - Orbital migration of protoplanets}",
  journal = {\apj},
 keywords = {PLANETARY EVOLUTION, PROTOPLANETS, STELLAR EVOLUTION, STELLAR MODELS, TIDES, ANGULAR MOMENTUM, FEEDBACK, MOMENTUM TRANSFER, ORBIT PERTURBATION},
     year = 1986,
    month = oct,
   volume = 309,
    pages = {846-857},
      doi = {10.1086/164653},
   adsurl = {http://adsabs.harvard.edu/abs/1986ApJ...309..846L},
  adsnote = {Provided by the SAO/NASA Astrophysics Data System}
}


@ARTICLE{li09,
   author = {{Li}, H. and {Lubow}, S.~H. and {Li}, S. and {Lin}, D.~N.~C.
	},
    title = "{Type I Planet Migration in Nearly Laminar Disks}",
  journal = {\apjl},
archivePrefix = "arXiv",
   eprint = {0812.0586},
 keywords = {accretion, accretion disks, hydrodynamics, methods: numerical, planetary systems: formation, planetary systems: protoplanetary disks, solar system: formation },
     year = 2009,
    month = jan,
   volume = 690,
    pages = {L52-L55},
      doi = {10.1088/0004-637X/690/1/L52},
   adsurl = {http://adsabs.harvard.edu/abs/2009ApJ...690L..52L},
  adsnote = {Provided by the SAO/NASA Astrophysics Data System}
}

@ARTICLE{goldreich80,
   author = {{Goldreich}, P. and {Tremaine}, S.},
    title = "{Disk-satellite interactions}",
  journal = {\apj},
 keywords = {JUPITER (PLANET), MOMENTUM TRANSFER, NATURAL SATELLITES, PLANETARY EVOLUTION, PROTOPLANETS, ANGULAR MOMENTUM, CELESTIAL MECHANICS, RESONANCE, SOLAR SYSTEM},
     year = 1980,
    month = oct,
   volume = 241,
    pages = {425-441},
      doi = {10.1086/158356},
   adsurl = {http://adsabs.harvard.edu/abs/1980ApJ...241..425G},
  adsnote = {Provided by the SAO/NASA Astrophysics Data System}
}


@ARTICLE{goldreich79,
   author = {{Goldreich}, P. and {Tremaine}, S.},
    title = "{The excitation of density waves at the Lindblad and corotation resonances by an external potential}",
  journal = {\apj},
 keywords = {DENSITY WAVE MODEL, GALACTIC STRUCTURE, ROTATING DISKS, ASTRODYNAMICS, HYDRODYNAMICS, RESONANCE, STELLAR MOTIONS, WAVE EXCITATION},
     year = 1979,
    month = nov,
   volume = 233,
    pages = {857-871},
      doi = {10.1086/157448},
   adsurl = {http://adsabs.harvard.edu/abs/1979ApJ...233..857G},
  adsnote = {Provided by the SAO/NASA Astrophysics Data System}
}


@INPROCEEDINGS{papaloizou07,
   author = {{Papaloizou}, J.~C.~B. and {Nelson}, R.~P. and {Kley}, W. and 
	{Masset}, F.~S. and {Artymowicz}, P.},
    title = "{Disk-Planet Interactions During Planet Formation}",
booktitle = {Protostars and Planets V},
     year = 2007,
   editor = {{Reipurth}, B. and {Jewitt}, D. and {Keil}, K.},
    pages = {655-668},
   adsurl = {http://adsabs.harvard.edu/abs/2007prpl.conf..655P},
  adsnote = {Provided by the SAO/NASA Astrophysics Data System}
}



@ARTICLE{mayor95,
   author = {{Mayor}, M. and {Queloz}, D.},
    title = "{A Jupiter-mass companion to a solar-type star}",
  journal = {\nat},
     year = 1995,
    month = nov,
   volume = 378,
    pages = {355-359},
      doi = {10.1038/378355a0},
   adsurl = {http://adsabs.harvard.edu/abs/1995Natur.378..355M},
  adsnote = {Provided by the SAO/NASA Astrophysics Data System}
}



@INPROCEEDINGS{lin93,
   author = {{Lin}, D.~N.~C. and {Papaloizou}, J.~C.~B.},
    title = "{On the tidal interaction between protostellar disks and companions}",
 keywords = {ACCRETION DISKS, ANGULAR MOMENTUM, BINARY STARS, ENERGY TRANSFER, PROTOPLANETS, PROTOSTARS, MASS RATIOS, STELLAR MODELS, STELLAR ORBITS, TIDES},
booktitle = {Protostars and Planets III},
     year = 1993,
   editor = {{Levy}, E.~H. and {Lunine}, J.~I.},
    pages = {749-835},
   adsurl = {http://adsabs.harvard.edu/abs/1993prpl.conf..749L},
  adsnote = {Provided by the SAO/NASA Astrophysics Data System}
}


@ARTICLE{paardekooper06,
   author = {{Paardekooper}, S.-J. and {Mellema}, G.},
    title = "{Halting type I planet migration in non-isothermal disks}",
  journal = {\aap},
   eprint = {arXiv:astro-ph/0608658},
 keywords = {radiative transfer, hydrodynamics, methods: numerical, planets and satellites: formation},
     year = 2006,
    month = nov,
   volume = 459,
    pages = {L17-L20},
      doi = {10.1051/0004-6361:20066304},
   adsurl = {http://adsabs.harvard.edu/abs/2006A%26A...459L..17P},
  adsnote = {Provided by the SAO/NASA Astrophysics Data System}
}



@ARTICLE{paardekooper08,
   author = {{Paardekooper}, S.-J. and {Mellema}, G.},
    title = "{Growing and moving low-mass planets in non-isothermal disks}",
  journal = {\aap},
archivePrefix = "arXiv",
   eprint = {0711.3601},
 keywords = {hydrodynamics, methods: numerical, stars: planetary, systems},
     year = 2008,
    month = jan,
   volume = 478,
    pages = {245-266},
      doi = {10.1051/0004-6361:20078592},
   adsurl = {http://adsabs.harvard.edu/abs/2008A%26A...478..245P},
  adsnote = {Provided by the SAO/NASA Astrophysics Data System}
}

@ARTICLE{bryden99,
   author = {{Bryden}, G. and {Chen}, X. and {Lin}, D.~N.~C. and {Nelson}, R.~P. and 
	{Papaloizou}, J.~C.~B.},
    title = "{Tidally Induced Gap Formation in Protostellar Disks: Gap Clearing and Suppression of Protoplanetary Growth}",
  journal = {\apj},
 keywords = {ACCRETION, ACCRETION DISKS, HYDRODYNAMICS, STARS: PLANETARY SYSTEMS, PLANETS AND SATELLITES: GENERAL},
     year = 1999,
    month = mar,
   volume = 514,
    pages = {344-367},
      doi = {10.1086/306917},
   adsurl = {http://adsabs.harvard.edu/abs/1999ApJ...514..344B},
  adsnote = {Provided by the SAO/NASA Astrophysics Data System}
}

@ARTICLE{crida06,
   author = {{Crida}, A. and {Morbidelli}, A. and {Masset}, F.},
    title = "{On the width and shape of gaps in protoplanetary disks}",
  journal = {Icarus},
   eprint = {arXiv:astro-ph/0511082},
     year = 2006,
    month = apr,
   volume = 181,
    pages = {587-604},
      doi = {10.1016/j.icarus.2005.10.007},
   adsurl = {http://adsabs.harvard.edu/abs/2006Icar..181..587C},
  adsnote = {Provided by the SAO/NASA Astrophysics Data System}
}


@INPROCEEDINGS{ward91,
   author = {{Ward}, W.~R.},
    title = "{Horsehoe Orbit Drag}",
booktitle = {Lunar and Planetary Institute Science Conference Abstracts},
     year = 1991,
   series = {Lunar and Planetary Inst. Technical Report},
   volume = 22,
    month = mar,
    pages = {1463-+},
   adsurl = {http://adsabs.harvard.edu/abs/1991LPI....22.1463W},
  adsnote = {Provided by the SAO/NASA Astrophysics Data System}
}



@ARTICLE{tanaka02,
   author = {{Tanaka}, H. and {Takeuchi}, T. and {Ward}, W.~R.},
    title = "{Three-Dimensional Interaction between a Planet and an Isothermal Gaseous Disk. I. Corotation and Lindblad Torques and Planet Migration}",
  journal = {\apj},
 keywords = {Stars: Planetary Systems: Formation, Stars: Planetary Systems: Protoplanetary Disks, Solar System: Formation, Waves},
     year = 2002,
    month = feb,
   volume = 565,
    pages = {1257-1274},
      doi = {10.1086/324713},
   adsurl = {http://adsabs.harvard.edu/abs/2002ApJ...565.1257T},
  adsnote = {Provided by the SAO/NASA Astrophysics Data System}
}

@ARTICLE{masset00a,
   author = {{Masset}, F.},
    title = "{FARGO: A fast eulerian transport algorithm for differentially rotating disks}",
  journal = {\aaps},
   eprint = {arXiv:astro-ph/9910390},
 keywords = {ACCRETION, ACCRETION DISKS, HYDRODYNAMICS, METHODS: NUMERICAL},
     year = 2000,
    month = jan,
   volume = 141,
    pages = {165-173},
      doi = {10.1051/aas:2000116},
   adsurl = {http://adsabs.harvard.edu/abs/2000A%26AS..141..165M},
  adsnote = {Provided by the SAO/NASA Astrophysics Data System}
}

@INPROCEEDINGS{masset00b,
   author = {{Masset}, F.~S.},
    title = "{FARGO: A Fast Eulerian Transport Algorithm for Differentially Rotating Disks}",
booktitle = {Disks, Planetesimals, and Planets},
     year = 2000,
   series = {Astronomical Society of the Pacific Conference Series},
   volume = 219,
   editor = {{Garz{\'o}n}, G. and {Eiroa}, C. and {de Winter}, D. and {Mahoney}, T.~J.
	},
    pages = {75-+},
   adsurl = {http://adsabs.harvard.edu/abs/2000ASPC..219...75M},
  adsnote = {Provided by the SAO/NASA Astrophysics Data System}
}

@ARTICLE{stone92,
   author = {{Stone}, J.~M. and {Norman}, M.~L.},
    title = "{ZEUS-2D: A radiation magnetohydrodynamics code for astrophysical flows in two space dimensions. I - The hydrodynamic algorithms and tests.}",
  journal = {\apjs},
 keywords = {COMPUTATIONAL ASTROPHYSICS, COSMIC PLASMA, HYDRODYNAMIC EQUATIONS, MAGNETOHYDRODYNAMIC FLOW, SELF CONSISTENT FIELDS, COMPUTATIONAL GRIDS, FINITE DIFFERENCE THEORY, PLASMA RADIATION, POISSON EQUATION, RADIATIVE TRANSFER},
     year = 1992,
    month = jun,
   volume = 80,
    pages = {753-790},
      doi = {10.1086/191680},
   adsurl = {http://adsabs.harvard.edu/abs/1992ApJS...80..753S},
  adsnote = {Provided by the SAO/NASA Astrophysics Data System}
}

@ARTICLE{stone92b,
   author = {{Stone}, J.~M. and {Norman}, M.~L.},
    title = "{ZEUS-2D: A Radiation Magnetohydrodynamics Code for Astrophysical Flows in Two Space Dimensions. II. The Magnetohydrodynamic Algorithms and Tests}",
  journal = {\apjs},
 keywords = {HYDRODYNAMICS, MAGNETOHYDRODYNAMICS: MHD, METHODS: NUMERICAL, RADIATIVE TRANSFER},
     year = 1992,
    month = jun,
   volume = 80,
    pages = {791-+},
      doi = {10.1086/191681},
   adsurl = {http://adsabs.harvard.edu/abs/1992ApJS...80..791S},
  adsnote = {Provided by the SAO/NASA Astrophysics Data System}
}

@ARTICLE{stone92c,
   author = {{Stone}, J.~M. and {Mihalas}, D. and {Norman}, M.~L.},
    title = "{ZEUS-2D: A radiation magnetohydrodynamics code for astrophysical flows in two space dimensions. III - The radiation hydrodynamic algorithms and tests}",
  journal = {\apjs},
 keywords = {COMPUTATIONAL ASTROPHYSICS, COSMIC PLASMA, HYDRODYNAMIC EQUATIONS, MAGNETOHYDRODYNAMIC FLOW, RADIATIVE TRANSFER, TWO DIMENSIONAL MODELS, ALGORITHMS, COMPUTATIONAL GRIDS, FINITE DIFFERENCE THEORY, PLASMA RADIATION},
     year = 1992,
    month = jun,
   volume = 80,
    pages = {819-845},
      doi = {10.1086/191682},
   adsurl = {http://adsabs.harvard.edu/abs/1992ApJS...80..819S},
  adsnote = {Provided by the SAO/NASA Astrophysics Data System}
}





@ARTICLE{zhang08,
   author = {{Zhang}, H. and {Yuan}, C. and {Lin}, D.~N.~C. and {Yen}, D.~C.~C.
	},
    title = "{On the Orbital Evolution of a Jovian Planet Embedded in a Self-Gravitating Disk}",
  journal = {\apj},
archivePrefix = "arXiv",
   eprint = {0709.0338},
 keywords = {Accretion, Accretion Disks, Hydrodynamics, Methods: Numerical, Stars: Planetary Systems: Formation, Stars: Planetary Systems: Protoplanetary Disks},
     year = 2008,
    month = mar,
   volume = 676,
    pages = {639-650},
      doi = {10.1086/528707},
   adsurl = {http://adsabs.harvard.edu/abs/2008ApJ...676..639Z},
  adsnote = {Provided by the SAO/NASA Astrophysics Data System}
}
@ARTICLE{loken10,
   author = {{Loken}, C. and {Gruner}, D. and {Groer}, L. and {Peltier}, R. and 
	{Bunn}, N. and {Craig}, M. and {Henriques}, T. and {Dempsey}, J. and 
	{Yu}, C.-H. and {Chen}, J. and {Dursi}, L.~J. and {Chong}, J. and 
	{Northrup}, S. and {Pinto}, J. and {Knecht}, N. and {Van Zon}, R.
	},
    title = "{SciNet: Lessons Learned from Building a Power-efficient Top-20 System and Data Centre}",
  journal = {Journal of Physics Conference Series},
     year = 2010,
    month = nov,
   volume = 256,
   number = 1,
    pages = {012026},
      doi = {10.1088/1742-6596/256/1/012026},
   adsurl = {http://adsabs.harvard.edu/abs/2010JPhCS.256a2026L},
  adsnote = {Provided by the SAO/NASA Astrophysics Data System}
}i

@ARTICLE{balbus91,
   author = {{Balbus}, S.~A. and {Hawley}, J.~F.},
    title = "{A powerful local shear instability in weakly magnetized disks. I - Linear analysis. II - Nonlinear evolution}",
  journal = {\apj},
 keywords = {ACCRETION DISKS, MAGNETOHYDRODYNAMIC STABILITY, STELLAR MAGNETIC FIELDS, STELLAR MASS ACCRETION, BOUSSINESQ APPROXIMATION, COMPUTATIONAL ASTROPHYSICS, LINEAR SYSTEMS},
     year = 1991,
    month = jul,
   volume = 376,
    pages = {214-233},
      doi = {10.1086/170270},
   adsurl = {http://adsabs.harvard.edu/abs/1991ApJ...376..214B},
  adsnote = {Provided by the SAO/NASA Astrophysics Data System}
}

@ARTICLE{nelson04,
   author = {{Nelson}, R.~P. and {Papaloizou}, J.~C.~B.},
    title = "{The interaction of giant planets with a disc with MHD turbulence - IV. Migration rates of embedded protoplanets}",
  journal = {\mnras},
   eprint = {arXiv:astro-ph/0308360},
 keywords = {accretion, accretion discs, instabilities, MHD, turbulence, planetary systems: formation, planetary systems: protoplanetary discs},
     year = 2004,
    month = may,
   volume = 350,
    pages = {849-864},
      doi = {10.1111/j.1365-2966.2004.07406.x},
   adsurl = {http://adsabs.harvard.edu/abs/2004MNRAS.350..849N},
  adsnote = {Provided by the SAO/NASA Astrophysics Data System}
}

@ARTICLE{baruteau08,
   author = {{Baruteau}, C. and {Masset}, F.},
    title = "{Type I Planetary Migration in a Self-Gravitating Disk}",
  journal = {\apj},
archivePrefix = "arXiv",
   eprint = {0801.4413},
 keywords = {Accretion, Accretion Disks, Hydrodynamics, Methods: Numerical, Stars: Planetary Systems: Formation, Stars: Planetary Systems: Protoplanetary Disks},
     year = 2008,
    month = may,
   volume = 678,
    pages = {483-497},
      doi = {10.1086/529487},
   adsurl = {http://adsabs.harvard.edu/abs/2008ApJ...678..483B},
  adsnote = {Provided by the SAO/NASA Astrophysics Data System}
}

@ARTICLE{pierens05,
   author = {{Pierens}, A. and {Hur{\'e}}, J.-M.},
    title = "{How does disk gravity really influence type-I migration?}",
  journal = {\aap},
   eprint = {arXiv:astro-ph/0503238},
     year = 2005,
    month = apr,
   volume = 433,
    pages = {L37-L40},
      doi = {10.1051/0004-6361:200500099},
   adsurl = {http://adsabs.harvard.edu/abs/2005A%26A...433L..37P},
  adsnote = {Provided by the SAO/NASA Astrophysics Data System}
}

@ARTICLE{baruteau11c,
   author = {{Baruteau}, C. and {Fromang}, S. and {Nelson}, R.~P. and {Masset}, F.
	},
    title = "{Corotation torques experienced by planets embedded in weakly magnetized turbulent discs}",
  journal = {ArXiv e-prints},
archivePrefix = "arXiv",
   eprint = {1107.2774},
 primaryClass = "astro-ph.EP",
 keywords = {Astrophysics - Earth and Planetary Astrophysics},
     year = 2011,
    month = jul,
   adsurl = {http://adsabs.harvard.edu/abs/2011arXiv1107.2774B},
  adsnote = {Provided by the SAO/NASA Astrophysics Data System}
}

@ARTICLE{uribe11,
   author = {{Uribe}, A.~L. and {Klahr}, H. and {Flock}, M. and {Henning}, T.
	},
    title = "{Three-dimensional Magnetohydrodynamic Simulations of Planet Migration in Turbulent Stratified Disks}",
  journal = {\apj},
archivePrefix = "arXiv",
   eprint = {1105.2235},
 primaryClass = "astro-ph.EP",
 keywords = {accretion, accretion disks, magnetohydrodynamics: MHD, methods: numerical, planet-disk interactions, protoplanetary disks},
     year = 2011,
    month = aug,
   volume = 736,
    pages = {85-+},
      doi = {10.1088/0004-637X/736/2/85},
   adsurl = {http://adsabs.harvard.edu/abs/2011ApJ...736...85U},
  adsnote = {Provided by the SAO/NASA Astrophysics Data System}
}


@ARTICLE{stone08,
   author = {{Stone}, J.~M. and {Gardiner}, T.~A. and {Teuben}, P. and {Hawley}, J.~F. and 
	{Simon}, J.~B.},
    title = "{Athena: A New Code for Astrophysical MHD}",
  journal = {\apjs},
archivePrefix = "arXiv",
   eprint = {0804.0402},
 keywords = {Hydrodynamics, Magnetohydrodynamics: MHD, Methods: Numerical},
     year = 2008,
    month = sep,
   volume = 178,
    pages = {137-177},
      doi = {10.1086/588755},
   adsurl = {http://adsabs.harvard.edu/abs/2008ApJS..178..137S},
  adsnote = {Provided by the SAO/NASA Astrophysics Data System}
}


@ARTICLE{crida09,
   author = {{Crida}, A. and {Baruteau}, C. and {Kley}, W. and {Masset}, F.
	},
    title = "{The dynamical role of the circumplanetary disc in planetary migration}",
  journal = {\aap},
archivePrefix = "arXiv",
   eprint = {0906.0888},
 keywords = {methods: numerical, stars: planetary systems: formation, accretion, accretion disks},
     year = 2009,
    month = aug,
   volume = 502,
    pages = {679-693},
      doi = {10.1051/0004-6361/200811608},
   adsurl = {http://adsabs.harvard.edu/abs/2009A%26A...502..679C},
  adsnote = {Provided by the SAO/NASA Astrophysics Data System}
}



@ARTICLE{adams89,
   author = {{Adams}, F.~C. and {Ruden}, S.~P. and {Shu}, F.~H.},
    title = "{Eccentric gravitational instabilities in nearly Keplerian disks}",
  journal = {\apj},
 keywords = {ECCENTRICITY, KEPLER LAWS, PRE-MAIN SEQUENCE STARS, STAR FORMATION, STELLAR ENVELOPES, STELLAR GRAVITATION, GRAVITATIONAL EFFECTS, PROTOSTARS, STELLAR LUMINOSITY, STELLAR ROTATION},
     year = 1989,
    month = dec,
   volume = 347,
    pages = {959-976},
      doi = {10.1086/168187},
   adsurl = {http://adsabs.harvard.edu/abs/1989ApJ...347..959A},
  adsnote = {Provided by the SAO/NASA Astrophysics Data System}
}

@ARTICLE{shu90,
   author = {{Shu}, F.~H. and {Tremaine}, S. and {Adams}, F.~C. and {Ruden}, S.~P.
	},
    title = "{Sling amplification and eccentric gravitational instabilities in gaseous disks}",
  journal = {\apj},
 keywords = {ECCENTRICITY, EIGENVALUES, GAS DYNAMICS, GRAVITATIONAL EFFECTS, GRAVITATIONAL FIELDS, STAR FORMATION, ACCRETION DISKS, ENERGY DISSIPATION, LUMINOUS INTENSITY},
     year = 1990,
    month = aug,
   volume = 358,
    pages = {495-514},
      doi = {10.1086/169003},
   adsurl = {http://adsabs.harvard.edu/abs/1990ApJ...358..495S},
  adsnote = {Provided by the SAO/NASA Astrophysics Data System}
}

@ARTICLE{boss98,
   author = {{Boss}, A.~P.},
    title = "{Evolution of the Solar Nebula. IV. Giant Gaseous Protoplanet Formation}",
  journal = {\apj},
 keywords = {ACCRETION, ACCRETION DISKS, HYDRODYNAMICS, SOLAR SYSTEM: FORMATION, STARS: PLANETARY SYSTEMS},
     year = 1998,
    month = aug,
   volume = 503,
    pages = {923-+},
      doi = {10.1086/306036},
   adsurl = {http://adsabs.harvard.edu/abs/1998ApJ...503..923B},
  adsnote = {Provided by the SAO/NASA Astrophysics Data System}
}

@ARTICLE{godon96,
   author = {{Godon}, P.},
    title = "{Non-reflective boundary conditions and the viscous instability in accretion discs}",
  journal = {\mnras},
 keywords = {ACCRETION, ACCRETION DISCS, INSTABILITIES, WAVES, METHODS: NUMERICAL, BINARIES: CLOSE, STARS: OSCILLATIONS},
     year = 1996,
    month = oct,
   volume = 282,
    pages = {1107-1113},
   adsurl = {http://adsabs.harvard.edu/abs/1996MNRAS.282.1107G},
  adsnote = {Provided by the SAO/NASA Astrophysics Data System}
}



@ARTICLE{armitage99,
   author = {{Armitage}, P.~J. and {Hansen}, B.~M.~S.},
    title = "{Early planet formation as a trigger for further planet formation}",
  journal = {\nat},
   eprint = {arXiv:astro-ph/9912147},
     year = 1999,
    month = dec,
   volume = 402,
    pages = {633-635},
      doi = {10.1038/45179},
   adsurl = {http://adsabs.harvard.edu/abs/1999Natur.402..633A},
  adsnote = {Provided by the SAO/NASA Astrophysics Data System}
}


@ARTICLE{yu10,
   author = {{Yu}, C. and {Li}, H. and {Li}, S. and {Lubow}, S.~H. and {Lin}, D.~N.~C.
	},
    title = "{Type I Planet Migration in Nearly Laminar Disks: Long-Term Behavior}",
  journal = {\apj},
archivePrefix = "arXiv",
   eprint = {1002.0307},
 keywords = {accretion, accretion disks, hydrodynamics, methods: numerical, protoplanetary disks },
     year = 2010,
    month = mar,
   volume = 712,
    pages = {198-208},
      doi = {10.1088/0004-637X/712/1/198},
   adsurl = {http://adsabs.harvard.edu/abs/2010ApJ...712..198Y},
  adsnote = {Provided by the SAO/NASA Astrophysics Data System}
}


@ARTICLE{yu09,
   author = {{Yu}, C. and {Li}, H.},
    title = "{Nonaxisymmetric Rossby Vortex Instability with Toroidal Magnetic Fields in Radially Structured Disks}",
  journal = {\apj},
archivePrefix = "arXiv",
   eprint = {0906.5318},
 primaryClass = "astro-ph.SR",
 keywords = {accretion, accretion disks, instabilities, MHD, waves},
     year = 2009,
    month = sep,
   volume = 702,
    pages = {75-84},
      doi = {10.1088/0004-637X/702/1/75},
   adsurl = {http://adsabs.harvard.edu/abs/2009ApJ...702...75Y},
  adsnote = {Provided by the SAO/NASA Astrophysics Data System}
}

@ARTICLE{lovelace78,
   author = {{Lovelace}, R.~V.~E. and {Hohlfeld}, R.~G.},
    title = "{Negative mass instability of flat galaxies}",
  journal = {\apj},
 keywords = {ASTRONOMICAL MODELS, GALACTIC ROTATION, GALACTIC STRUCTURE, ROTARY STABILITY, ANDROMEDA GALAXY, ANGULAR MOMENTUM, MATHEMATICAL MODELS, MILKY WAY GALAXY, ROTATING DISKS, ROTATING FLUIDS},
     year = 1978,
    month = apr,
   volume = 221,
    pages = {51-61},
      doi = {10.1086/156004},
   adsurl = {http://adsabs.harvard.edu/abs/1978ApJ...221...51L},
  adsnote = {Provided by the SAO/NASA Astrophysics Data System}
}

@ARTICLE{fu11,
   author = {{Fu}, W. and {Lai}, D.},
    title = "{Corotational instability, magnetic resonances and global inertial-acoustic oscillations in magnetized black hole accretion discs}",
  journal = {\mnras},
archivePrefix = "arXiv",
   eprint = {1006.3763},
 primaryClass = "astro-ph.HE",
 keywords = {accretion, accretion discs, black hole physics, hydrodynamics, MHD, waves, X-rays: binaries},
     year = 2011,
    month = jan,
   volume = 410,
    pages = {399-416},
      doi = {10.1111/j.1365-2966.2010.17451.x},
   adsurl = {http://adsabs.harvard.edu/abs/2011MNRAS.410..399F},
  adsnote = {Provided by the SAO/NASA Astrophysics Data System}
}


@ARTICLE{lesur09,
   author = {{Lesur}, G. and {Papaloizou}, J.~C.~B.},
    title = "{The subcritical baroclinic instability in local accretion disc models}",
  journal = {ArXiv e-prints},
archivePrefix = "arXiv",
   eprint = {0911.0663},
 keywords = {Astrophysics - Earth and Planetary Astrophysics, Astrophysics - Solar and Stellar Astrophysics},
     year = 2009,
    month = nov,
   adsurl = {http://adsabs.harvard.edu/abs/2009arXiv0911.0663L},
  adsnote = {Provided by the SAO/NASA Astrophysics Data System}
}

@ARTICLE{lufkin04,
   author = {{Lufkin}, G. and {Quinn}, T. and {Wadsley}, J. and {Stadel}, J. and 
	{Governato}, F.},
    title = "{Simulations of gaseous disc-embedded planet interaction}",
  journal = {\mnras},
   eprint = {arXiv:astro-ph/0305546},
 keywords = {accretion, accretion discs, hydrodynamics, methods: N-body simulations, planets and satellites: formation, planetary systems: formation, planetary systems: protoplanetary discs},
     year = 2004,
    month = jan,
   volume = 347,
    pages = {421-429},
      doi = {10.1111/j.1365-2966.2004.07208.x},
   adsurl = {http://adsabs.harvard.edu/abs/2004MNRAS.347..421L},
  adsnote = {Provided by the SAO/NASA Astrophysics Data System}
}


@ARTICLE{dangelo03,
   author = {{D'Angelo}, G. and {Henning}, T. and {Kley}, W.},
    title = "{Thermohydrodynamics of Circumstellar Disks with High-Mass Planets}",
  journal = {\apj},
   eprint = {arXiv:astro-ph/0309236},
 keywords = {Accretion, Accretion Disks, Hydrodynamics, Methods: Numerical, Stars: Planetary Systems: Formation, Radiative Transfer},
     year = 2003,
    month = dec,
   volume = 599,
    pages = {548-576},
      doi = {10.1086/379224},
   adsurl = {http://adsabs.harvard.edu/abs/2003ApJ...599..548D},
  adsnote = {Provided by the SAO/NASA Astrophysics Data System}
}


@ARTICLE{gammie01,
   author = {{Gammie}, C.~F.},
    title = "{Nonlinear Outcome of Gravitational Instability in Cooling, Gaseous Disks}",
  journal = {\apj},
   eprint = {arXiv:astro-ph/0101501},
 keywords = {Accretion, Accretion Disks, Galaxies: Nuclei, Solar System: Formation},
     year = 2001,
    month = may,
   volume = 553,
    pages = {174-183},
      doi = {10.1086/320631},
   adsurl = {http://adsabs.harvard.edu/abs/2001ApJ...553..174G},
  adsnote = {Provided by the SAO/NASA Astrophysics Data System}
}

@ARTICLE{klahr03,
   author = {{Klahr}, H.~H. and {Bodenheimer}, P.},
    title = "{Turbulence in Accretion Disks: Vorticity Generation and Angular Momentum Transport via the Global Baroclinic Instability}",
  journal = {\apj},
   eprint = {arXiv:astro-ph/0211629},
 keywords = {Accretion, Accretion Disks, Stars: Circumstellar Matter, Hydrodynamics, Instabilities, Methods: Numerical, Turbulence},
     year = 2003,
    month = jan,
   volume = 582,
    pages = {869-892},
      doi = {10.1086/344743},
   adsurl = {http://adsabs.harvard.edu/abs/2003ApJ...582..869K},
  adsnote = {Provided by the SAO/NASA Astrophysics Data System}
}

@ARTICLE{peterson07a,
   author = {{Petersen}, M.~R. and {Julien}, K. and {Stewart}, G.~R.},
    title = "{Baroclinic Vorticity Production in Protoplanetary Disks. I. Vortex Formation}",
  journal = {\apj},
   eprint = {arXiv:astro-ph/0611528},
 keywords = {Accretion, Accretion Disks, Stars: Circumstellar Matter, Hydrodynamics, Instabilities, Methods: Numerical, Solar System: Formation, Turbulence},
     year = 2007,
    month = apr,
   volume = 658,
    pages = {1236-1251},
      doi = {10.1086/511513},
   adsurl = {http://adsabs.harvard.edu/abs/2007ApJ...658.1236P},
  adsnote = {Provided by the SAO/NASA Astrophysics Data System}
}

@ARTICLE{peterson07b,
   author = {{Petersen}, M.~R. and {Stewart}, G.~R. and {Julien}, K.},
    title = "{Baroclinic Vorticity Production in Protoplanetary Disks. II. Vortex Growth and Longevity}",
  journal = {\apj},
   eprint = {arXiv:astro-ph/0611526},
 keywords = {Accretion, Accretion Disks, Stars: Circumstellar Matter, Hydrodynamics, Instabilities, Methods: Numerical, Solar System: Formation, Turbulence},
     year = 2007,
    month = apr,
   volume = 658,
    pages = {1252-1263},
      doi = {10.1086/511523},
   adsurl = {http://adsabs.harvard.edu/abs/2007ApJ...658.1252P},
  adsnote = {Provided by the SAO/NASA Astrophysics Data System}
}


@ARTICLE{hawley87,
   author = {{Hawley}, J.~F.},
    title = "{Non-linear evolution of a non-axisymmetric disc instability}",
  journal = {\mnras},
 keywords = {ACCRETION DISKS, BLACK HOLES (ASTRONOMY), COMPUTATIONAL ASTROPHYSICS, MAGNETOHYDRODYNAMIC STABILITY, NONLINEAR EVOLUTION EQUATIONS, TOROIDAL PLASMAS, AXISYMMETRIC BODIES, COMPUTATIONAL FLUID DYNAMICS, FINITE DIFFERENCE THEORY},
     year = 1987,
    month = apr,
   volume = 225,
    pages = {677-694},
   adsurl = {http://adsabs.harvard.edu/abs/1987MNRAS.225..677H},
  adsnote = {Provided by the SAO/NASA Astrophysics Data System}
}



@ARTICLE{mamatsashvili09,
   author = {{Mamatsashvili}, G.~R. and {Rice}, W.~K.~M.},
    title = "{Vortices in self-gravitating gaseous discs}",
  journal = {\mnras},
archivePrefix = "arXiv",
   eprint = {0901.1617},
 keywords = {accretion, accretion discs , gravitation , hydrodynamics , instabilities , turbulence , planetary systems: protoplanetary discs},
     year = 2009,
    month = apr,
   volume = 394,
    pages = {2153-2163},
      doi = {10.1111/j.1365-2966.2009.14481.x},
   adsurl = {http://adsabs.harvard.edu/abs/2009MNRAS.394.2153M},
  adsnote = {Provided by the SAO/NASA Astrophysics Data System}
}


@ARTICLE{lyra09,
   author = {{Lyra}, W. and {Johansen}, A. and {Zsom}, A. and {Klahr}, H. and 
	{Piskunov}, N.},
    title = "{Planet formation bursts at the borders of the dead zone in 2D numerical simulations of circumstellar disks}",
  journal = {\aap},
archivePrefix = "arXiv",
   eprint = {0901.1638},
 keywords = {accretion, accretion disks, hydrodynamics, instabilities, stars: planetary systems: formation, methods: numerical, turbulence},
     year = 2009,
    month = apr,
   volume = 497,
    pages = {869-888},
      doi = {10.1051/0004-6361/200811265},
   adsurl = {http://adsabs.harvard.edu/abs/2009A%26A...497..869L},
  adsnote = {Provided by the SAO/NASA Astrophysics Data System}
}

@ARTICLE{nelson06,
   author = {{Nelson}, A.~F.},
    title = "{Numerical requirements for simulations of self-gravitating and non-self-gravitating discs}",
  journal = {\mnras},
   eprint = {arXiv:astro-ph/0609493},
 keywords = {hydrodynamics, methods: numerical, Solar system: formation, planetary systems: protoplanetary discs},
     year = 2006,
    month = dec,
   volume = 373,
    pages = {1039-1073},
      doi = {10.1111/j.1365-2966.2006.11119.x},
   adsurl = {http://adsabs.harvard.edu/abs/2006MNRAS.373.1039N},
  adsnote = {Provided by the SAO/NASA Astrophysics Data System}
}

@ARTICLE{durisen07,
   author = {{Durisen}, R.~H. and {Boss}, A.~P. and {Mayer}, L. and {Nelson}, A.~F. and 
	{Quinn}, T. and {Rice}, W.~K.~M.},
    title = "{Gravitational Instabilities in Gaseous Protoplanetary Disks and Implications for Giant Planet Formation}",
  journal = {Protostars and Planets V},
   eprint = {arXiv:astro-ph/0603179},
     year = 2007,
    pages = {607-622},
   adsurl = {http://adsabs.harvard.edu/abs/2007prpl.conf..607D},
  adsnote = {Provided by the SAO/NASA Astrophysics Data System}
}

@ARTICLE{lesur09b,
   author = {{Lesur}, G. and {Papaloizou}, J.~C.~B.},
    title = "{On the stability of elliptical vortices in accretion discs}",
  journal = {\aap},
archivePrefix = "arXiv",
   eprint = {0903.1720},
 keywords = {accretion, accretion disks, instabilities, hydrodynamics},
     year = 2009,
    month = apr,
   volume = 498,
    pages = {1-12},
      doi = {10.1051/0004-6361/200811577},
   adsurl = {http://adsabs.harvard.edu/abs/2009A%26A...498....1L},
  adsnote = {Provided by the SAO/NASA Astrophysics Data System}
}

@ARTICLE{kida81,
   author = {{Kida}, S.},
    title = "{Motion of an elliptic vortex in a uniform shear flow}",
  journal = {Journal of the Physical Society of Japan},
 keywords = {ELLIPTICITY, SHEAR FLOW, UNIFORM FLOW, VORTEX GENERATORS, VORTICITY EQUATIONS, COMPUTATIONAL FLUID DYNAMICS, EQUATIONS OF MOTION, FLOW DISTRIBUTION, HILSCH TUBES},
     year = 1981,
   volume = 50,
    pages = {3517-3520},
   adsurl = {http://adsabs.harvard.edu/abs/1981JPSJ...50.3517K},
  adsnote = {Provided by the SAO/NASA Astrophysics Data System}
}

@ARTICLE{nelson03a,
   author = {{Nelson}, A.~F. and {Benz}, W.},
    title = "{On the Early Evolution of Forming Jovian Planets. I. Initial Conditions, Systematics, and Qualitative Comparisons to Theory}",
  journal = {\apj},
   eprint = {arXiv:astro-ph/0301619},
 keywords = {Hydrodynamics, Methods: Numerical, Stars: Planetary Systems: Formation},
     year = 2003,
    month = may,
   volume = 589,
    pages = {556-577},
      doi = {10.1086/374545},
   adsurl = {http://adsabs.harvard.edu/abs/2003ApJ...589..556N},
  adsnote = {Provided by the SAO/NASA Astrophysics Data System}
}

@ARTICLE{nelson03b,
   author = {{Nelson}, A.~F. and {Benz}, W.},
    title = "{On the Early Evolution of Forming Jovian Planets. II. Analysis of Accretion and Gravitational Torques}",
  journal = {\apj},
   eprint = {arXiv:astro-ph/0301620},
 keywords = {Hydrodynamics, Methods: Numerical, Stars: Planetary Systems: Formation},
     year = 2003,
    month = may,
   volume = 589,
    pages = {578-604},
      doi = {10.1086/374546},
   adsurl = {http://adsabs.harvard.edu/abs/2003ApJ...589..578N},
  adsnote = {Provided by the SAO/NASA Astrophysics Data System}
}

@ARTICLE{paardekooper09b,
   author = {{Paardekooper}, {S.-J.}},
    title = "{Disc-planet interactions in subkeplerian discs}",
  journal = {\aap},
archivePrefix = "arXiv",
   eprint = {0909.1435},
 keywords = {planetary systems: protoplanetary discs, planets and satellites: formation},
     year = 2009,
    month = nov,
   volume = 506,
    pages = {L9-L12},
      doi = {10.1051/0004-6361/200913184},
   adsurl = {http://adsabs.harvard.edu/abs/2009A%26A...506L...9P},
  adsnote = {Provided by the SAO/NASA Astrophysics Data System}
}


@ARTICLE{varniere04,
   author = {{Varni{\`e}re}, P. and {Quillen}, A.~C. and {Frank}, A.},
    title = "{The Evolution of Protoplanetary Disk Edges}",
  journal = {\apj},
   eprint = {arXiv:astro-ph/0306422},
 keywords = {Hydrodynamics, Stars: Planetary Systems: Protoplanetary Disks},
     year = 2004,
    month = sep,
   volume = 612,
    pages = {1152-1162},
      doi = {10.1086/422542},
   adsurl = {http://adsabs.harvard.edu/abs/2004ApJ...612.1152V},
  adsnote = {Provided by the SAO/NASA Astrophysics Data System}
}

@ARTICLE{meschiari08,
   author = {{Meschiari}, S. and {Laughlin}, G.},
    title = "{The Potential Impact of Groove Modes on Type II Planetary Migration}",
  journal = {\apjl},
archivePrefix = "arXiv",
   eprint = {0804.3425},
 keywords = {Hydrodynamics, Stars: Planetary Systems},
     year = 2008,
    month = jun,
   volume = 679,
    pages = {L135-L138},
      doi = {10.1086/589443},
   adsurl = {http://adsabs.harvard.edu/abs/2008ApJ...679L.135M},
  adsnote = {Provided by the SAO/NASA Astrophysics Data System}
}

@ARTICLE{zabusky79,
   author = {{Zabusky}, N.~J. and {Hughes}, M.~H. and {Roberts}, K.~V.},
    title = "{Contour dynamics for the Euler equations in two dimensions}",
  journal = {Journal of Computational Physics},
 keywords = {COMPUTERIZED SIMULATION, CONTOURS, EULER EQUATIONS OF MOTION, TWO DIMENSIONAL FLOW, VORTICES, FINITE ELEMENT METHOD, INCOMPRESSIBLE FLUIDS, INVISCID FLOW, NUMERICAL ANALYSIS},
     year = 1979,
    month = jan,
   volume = 30,
    pages = {96-106},
      doi = {10.1016/0021-9991(79)90089-5},
   adsurl = {http://adsabs.harvard.edu/abs/1979JCoPh..30...96Z},
  adsnote = {Provided by the SAO/NASA Astrophysics Data System}
}
@ARTICLE{melander88,
   author = {{Melander}, M.~V. and {Zabusky}, N.~J. and {McWilliams}, J.~C.
	},
    title = "{Symmetric vortex merger in two dimensions - Causes and conditions}",
  journal = {Journal of Fluid Mechanics},
 keywords = {COMPUTATIONAL FLUID DYNAMICS, EULER EQUATIONS OF MOTION, SHEAR LAYERS, TURBULENT FLOW, TWO DIMENSIONAL FLOW, VORTICITY, ALGORITHMS, ASPECT RATIO, BOUNDARY VALUE PROBLEMS, HIGH RESOLUTION},
     year = 1988,
    month = oct,
   volume = 195,
    pages = {303-340},
      doi = {10.1017/S0022112088002435},
   adsurl = {http://adsabs.harvard.edu/abs/1988JFM...195..303M},
  adsnote = {Provided by the SAO/NASA Astrophysics Data System}
}

@BOOK{murray00,
   author = {{Murray}, C.~D. and {Dermott}, S.~F.},
    title = "{Solar System Dynamics}",
booktitle = {Solar System Dynamics, by C.D.~Murray and S.F.~Dermott.~ ISBN 0521575974.~http://www.cambridge.org/us/catalogue/catalogue.asp?isbn=0521575974.~Cambridge, UK: Cambridge University Press, 2000.},
     year = 2000,
    month = feb,
   adsurl = {http://adsabs.harvard.edu/abs/2000ssd..book.....M},
  adsnote = {Provided by the SAO/NASA Astrophysics Data System}
}

@ARTICLE{papaloizou91,
   author = {{Papaloizou}, J.~C. and {Savonije}, G.~J.},
    title = "{Instabilities in self-gravitating gaseous discs}",
  journal = {\mnras},
 keywords = {ACCRETION DISKS, COSMIC GASES, GRAVITATIONAL EFFECTS, ROTATING FLUIDS, VORTICITY, ANGULAR MOMENTUM, COMPUTATIONAL ASTROPHYSICS, EIGENVALUES, EQUATIONS OF MOTION, PLANETARY RINGS},
     year = 1991,
    month = feb,
   volume = 248,
    pages = {353-369},
   adsurl = {http://adsabs.harvard.edu/abs/1991MNRAS.248..353P},
  adsnote = {Provided by the SAO/NASA Astrophysics Data System}
}

@ARTICLE{sellwood91,
   author = {{Sellwood}, J.~A. and {Kahn}, F.~D.},
    title = "{Spiral modes driven by narrow features in angular-momentum density}",
  journal = {\mnras},
 keywords = {ANGULAR MOMENTUM, DENSITY DISTRIBUTION, DISK GALAXIES, ASTRONOMICAL MODELS, COMPUTERIZED SIMULATION, EQUATIONS OF MOTION, GRAVITATIONAL FIELDS},
     year = 1991,
    month = may,
   volume = 250,
    pages = {278-299},
   adsurl = {http://adsabs.harvard.edu/abs/1991MNRAS.250..278S},
  adsnote = {Provided by the SAO/NASA Astrophysics Data System}
}

@ARTICLE{chistodoulou93,
   author = {{Christodoulou}, D.~M.},
    title = "{The stability of accretion tori. V - Unstable modes and avoided crossings in extended, self-gravitating annuli}",
  journal = {\apj},
 keywords = {ACCRETION DISKS, MAGNETOHYDRODYNAMIC STABILITY, NONLINEAR EVOLUTION EQUATIONS, STAR FORMATION, TOROIDAL PLASMAS, ASTRONOMICAL MODELS, EQUILIBRIUM EQUATIONS, GRAVITATIONAL EFFECTS},
     year = 1993,
    month = aug,
   volume = 412,
    pages = {696-719},
      doi = {10.1086/172955},
   adsurl = {http://adsabs.harvard.edu/abs/1993ApJ...412..696C},
  adsnote = {Provided by the SAO/NASA Astrophysics Data System}
}


@ARTICLE{hosseinbor07,
   author = {{Hosseinbor}, A.~P. and {Edgar}, R.~G. and {Quillen}, A.~C. and 
	{Lapage}, A.},
    title = "{The formation of an eccentric gap in a gas disc by a planet in an eccentric orbit}",
  journal = {\mnras},
   eprint = {arXiv:astro-ph/0608020},
 keywords = {planetary systems: protoplanetary discs},
     year = 2007,
    month = jul,
   volume = 378,
    pages = {966-972},
      doi = {10.1111/j.1365-2966.2007.11832.x},
   adsurl = {http://adsabs.harvard.edu/abs/2007MNRAS.378..966H},
  adsnote = {Provided by the SAO/NASA Astrophysics Data System}
}

@ARTICLE{marzari09,
   author = {{Marzari}, F. and {Scholl}, H. and {Th{\'e}bault}, P. and {Baruteau}, C.
	},
    title = "{On the eccentricity of self-gravitating circumstellar disks in eccentric binary systems}",
  journal = {\aap},
archivePrefix = "arXiv",
   eprint = {0908.0808},
 keywords = {planetary systems: formation, planetary systems: protoplanetary disks, methods: numerical},
     year = 2009,
    month = dec,
   volume = 508,
    pages = {1493-1502},
      doi = {10.1051/0004-6361/200912251},
   adsurl = {http://adsabs.harvard.edu/abs/2009A%26A...508.1493M},
  adsnote = {Provided by the SAO/NASA Astrophysics Data System}
}

@ARTICLE{lin93b,
   author = {{Lin}, D.~N.~C. and {Papaloizou}, J.~C.~B. and {Kley}, W.},
    title = "{On the Nonaxisymmetric Convective Instabilities in Accretion Disks}",
  journal = {\apj},
 keywords = {ACCRETION, ACCRETION DISKS, CONVECTION, HYDRODYNAMICS, STARS: FORMATION},
     year = 1993,
    month = oct,
   volume = 416,
    pages = {689-+},
      doi = {10.1086/173269},
   adsurl = {http://adsabs.harvard.edu/abs/1993ApJ...416..689L},
  adsnote = {Provided by the SAO/NASA Astrophysics Data System}
}

@BOOK{binney87,
   author = {{Binney}, J. and {Tremaine}, S.},
    title = "{Galactic dynamics}",
 keywords = {ASTROPHYSICS, CELESTIAL MECHANICS, GALACTIC STRUCTURE, MILKY WAY GALAXY, DARK MATTER, GALACTIC EVOLUTION, JEANS THEORY, ORBITAL MECHANICS, POTENTIAL THEORY, STELLAR EVOLUTION, STELLAR SYSTEMS},
booktitle = {Princeton, NJ, Princeton University Press, 1987, 747 p.},
     year = 1987,
   editor = "{Binney, J.~\& Tremaine, S.}",
   adsurl = {http://adsabs.harvard.edu/abs/1987gady.book.....B},
  adsnote = {Provided by the SAO/NASA Astrophysics Data System}
}

@ARTICLE{kley06,
   author = {{Kley}, W. and {Dirksen}, G.},
    title = "{Disk eccentricity and embedded planets}",
  journal = {\aap},
   eprint = {arXiv:astro-ph/0510393},
     year = 2006,
    month = feb,
   volume = 447,
    pages = {369-377},
      doi = {10.1051/0004-6361:20053914},
   adsurl = {http://adsabs.harvard.edu/abs/2006A%26A...447..369K},
  adsnote = {Provided by the SAO/NASA Astrophysics Data System}
}


@ARTICLE{papaloizoulin84,
   author = {{Papaloizou}, J. and {Lin}, D.~N.~C.},
    title = "{On the tidal interaction between protoplanets and the primordial solar nebula. I - Linear calculation of the role of angular momentum exchange}",
  journal = {\apj},
 keywords = {PLANETARY EVOLUTION, PROTOPLANETS, SOLAR CORONA, SOLAR SYSTEM, TIDES, ANGULAR MOMENTUM, ASYMPTOTIC METHODS, FOURIER ANALYSIS, MOMENTUM TRANSFER, POLYTROPIC PROCESSES, ROTATING DISKS},
     year = 1984,
    month = oct,
   volume = 285,
    pages = {818-834},
      doi = {10.1086/162561},
   adsurl = {http://adsabs.harvard.edu/abs/1984ApJ...285..818P},
  adsnote = {Provided by the SAO/NASA Astrophysics Data System}
}

@ARTICLE{lbo67,
   author = {{Lynden-Bell}, D. and {Ostriker}, J.~P.},
    title = "{On the stability of differentially rotating bodies}",
  journal = {\mnras},
     year = 1967,
   volume = 136,
    pages = {293-+},
   adsurl = {http://adsabs.harvard.edu/abs/1967MNRAS.136..293L},
  adsnote = {Provided by the SAO/NASA Astrophysics Data System}
}

@ARTICLE{lyra11,
   author = {{Lyra}, W. and {Klahr}, H.},
    title = "{The baroclinic instability in the context of layered accretion. Self-sustained vortices and their magnetic stability in local compressible unstratified models of protoplanetary disks}",
  journal = {\aap},
archivePrefix = "arXiv",
   eprint = {1011.0497},
 primaryClass = "astro-ph.EP",
 keywords = {accretion, accretion disks, hydrodynamics, instabilities, magnetohydrodynamics (MHD), turbulence, methods: numerical},
     year = 2011,
    month = mar,
   volume = 527,
    pages = {A138+},
      doi = {10.1051/0004-6361/201015568},
   adsurl = {http://adsabs.harvard.edu/abs/2011A%26A...527A.138L},
  adsnote = {Provided by the SAO/NASA Astrophysics Data System}
}







@ARTICLE{hayes06,
   author = {{Hayes}, J.~C. and {Norman}, M.~L. and {Fiedler}, R.~A. and 
	{Bordner}, J.~O. and {Li}, P.~S. and {Clark}, S.~E. and {ud-Doula}, A. and 
	{Mac Low}, {M.-M.}},
    title = "{Simulating Radiating and Magnetized Flows in Multiple Dimensions with ZEUS-MP}",
  journal = {\apjs},
   eprint = {arXiv:astro-ph/0511545},
 keywords = {Hydrodynamics, Methods: Numerical, Magnetohydrodynamics: MHD, Radiative Transfer},
     year = 2006,
    month = jul,
   volume = 165,
    pages = {188-228},
      doi = {10.1086/504594},
   adsurl = {http://adsabs.harvard.edu/abs/2006ApJS..165..188H},
  adsnote = {Provided by the SAO/NASA Astrophysics Data System}
}

@ARTICLE{peplinski08a,
   author = {{Pepli{\'n}ski}, A. and {Artymowicz}, P. and {Mellema}, G.},
    title = "{Numerical simulations of type III planetary migration - I. Disc model and convergence tests}",
  journal = {\mnras},
archivePrefix = "arXiv",
   eprint = {0709.3622},
 keywords = {accretion, accretion discs , hydrodynamics , methods: numerical , planets and satellites: formation},
     year = 2008,
    month = may,
   volume = 386,
    pages = {164-178},
      doi = {10.1111/j.1365-2966.2008.13045.x},
   adsurl = {http://adsabs.harvard.edu/abs/2008MNRAS.386..164P},
  adsnote = {Provided by the SAO/NASA Astrophysics Data System}
}

@ARTICLE{boss80,
   author = {{Boss}, A.~P.},
    title = "{Protostellar formation in rotating interstellar clouds. I - Numerical methods and tests}",
  journal = {\apj},
 keywords = {GRAVITATIONAL COLLAPSE, HYDRODYNAMICS, INTERSTELLAR GAS, PROTOSTARS, STELLAR EVOLUTION, COMPUTATIONAL FLUID DYNAMICS, EULER EQUATIONS OF MOTION, GRAVITATIONAL FIELDS, POISSON EQUATION},
     year = 1980,
    month = mar,
   volume = 236,
    pages = {619-627},
      doi = {10.1086/157780},
   adsurl = {http://adsabs.harvard.edu/abs/1980ApJ...236..619B},
  adsnote = {Provided by the SAO/NASA Astrophysics Data System}
}

@ARTICLE{meheut10,
   author = {{Meheut}, H. and {Casse}, F. and {Varniere}, P. and {Tagger}, M.
	},
    title = "{Rossby wave instability and three-dimensional vortices in accretion disks}",
  journal = {\aap},
archivePrefix = "arXiv",
   eprint = {1004.0302},
 primaryClass = "astro-ph.SR",
 keywords = {Accretion, accretion disks, protoplanetary disks, hydrodynamics, instabilities, methods: numerical},
     year = 2010,
    month = jun,
   volume = 516,
    pages = {A31+},
      doi = {10.1051/0004-6361/201014000},
   adsurl = {http://adsabs.harvard.edu/abs/2010A%26A...516A..31M},
  adsnote = {Provided by the SAO/NASA Astrophysics Data System}
}


@ARTICLE{armitage10,
   author = {{Armitage}, P.~J.},
    title = "{Dynamics of Protoplanetary Disks}",
  journal = {\araa},
archivePrefix = "arXiv",
   eprint = {1011.1496},
 primaryClass = "astro-ph.SR",
     year = 2011,
    month = sep,
   volume = 49,
    pages = {195-236},
      doi = {10.1146/annurev-astro-081710-102521},
   adsurl = {http://adsabs.harvard.edu/abs/2011ARA%26A..49..195A},
  adsnote = {Provided by the SAO/NASA Astrophysics Data System}
}


@ARTICLE{shakura73,
   author = {{Shakura}, N.~I. and {Sunyaev}, R.~A.},
    title = "{Black holes in binary systems. Observational appearance.}",
  journal = {\aap},
     year = 1973,
   volume = 24,
    pages = {337-355},
   adsurl = {http://adsabs.harvard.edu/abs/1973A%26A....24..337S},
  adsnote = {Provided by the SAO/NASA Astrophysics Data System}
}

@ARTICLE{toomre64,
   author = {{Toomre}, A.},
    title = "{On the gravitational stability of a disk of stars}",
  journal = {\apj},
     year = 1964,
    month = may,
   volume = 139,
    pages = {1217-1238},
      doi = {10.1086/147861},
   adsurl = {http://adsabs.harvard.edu/abs/1964ApJ...139.1217T},
  adsnote = {Provided by the SAO/NASA Astrophysics Data System}
}

@INPROCEEDINGS{artymowicz04,
   author = {{Artymowicz}, P.},
    title = "{Dynamics of Gaseous Disks with Planets}",
booktitle = {Debris Disks and the Formation of Planets},
     year = 2004,
   series = {Astronomical Society of the Pacific Conference Series},
   volume = 324,
   editor = "{L.~Caroff, L.~J.~Moon, D.~Backman, \& E.~Praton}",
    month = dec,
    pages = {39-+},
   adsurl = {http://adsabs.harvard.edu/abs/2004ASPC..324...39A},
  adsnote = {Provided by the SAO/NASA Astrophysics Data System}
}

@ARTICLE{papaloizou05,
   author = {{Papaloizou}, J.~C.~B.},
    title = "{Disk Planet Interactions And Early Evolution in Young Planetary Systems}",
  journal = {Celestial Mechanics and Dynamical Astronomy},
   eprint = {arXiv:astro-ph/0412700},
 keywords = {accretion disks, MHD, migration, planetary formation},
     year = 2005,
    month = jan,
   volume = 91,
    pages = {33-57},
      doi = {10.1007/s10569-004-4817-3},
   adsurl = {http://adsabs.harvard.edu/abs/2005CeMDA..91...33P},
  adsnote = {Provided by the SAO/NASA Astrophysics Data System}
}

@ARTICLE{peplinski08c,
   author = {{Pepli{\'n}ski}, A. and {Artymowicz}, P. and {Mellema}, G.},
    title = "{Numerical simulations of type III planetary migration - III. Outward migration of massive planets}",
  journal = {\mnras},
archivePrefix = "arXiv",
   eprint = {0802.2501},
 keywords = {accretion, accretion discs , hydrodynamics , methods: numerical , planets and satellites: formation},
     year = 2008,
    month = jul,
   volume = 387,
    pages = {1063-1079},
      doi = {10.1111/j.1365-2966.2008.13339.x},
   adsurl = {http://adsabs.harvard.edu/abs/2008MNRAS.387.1063P},
  adsnote = {Provided by the SAO/NASA Astrophysics Data System}
}

@BOOK{tassoul78,
   author = {{Tassoul}, {J.-L.}},
    title = "{Theory of rotating stars}",
 keywords = {ROTATING STARS, DIFFERENTIAL ROTATION, THEORY},
booktitle = {Princeton Series in Astrophysics, Princeton: University Press, 1978},
     year = 1978,
   adsurl = {http://adsabs.harvard.edu/abs/1978trs..book.....T},
  adsnote = {Provided by the SAO/NASA Astrophysics Data System}
}

@INPROCEEDINGS{artymowicz04b,
   author = {{Artymowicz}, P.},
    title = "{Migration Type III}",
booktitle = {KITP Conference: Planet Formation: Terrestrial and Extra Solar},
     year = 2004,
    month = mar,
   adsurl = {http://adsabs.harvard.edu/abs/2004pfte.confE...2A},
  adsnote = {Provided by the SAO/NASA Astrophysics Data System}
}

@ARTICLE{papaloizou87,
   author = {{Papaloizou}, J.~C.~B. and {Pringle}, J.~E.},
    title = "{The dynamical stability of differentially rotating discs. III}",
  journal = {\mnras},
 keywords = {DYNAMIC STABILITY, ROTATING DISKS, ANGULAR MOMENTUM, COROTATION, TORUSES, WENTZEL-KRAMER-BRILLOUIN METHOD},
     year = 1987,
    month = mar,
   volume = 225,
    pages = {267-283},
   adsurl = {http://adsabs.harvard.edu/abs/1987MNRAS.225..267P},
  adsnote = {Provided by the SAO/NASA Astrophysics Data System}
}

@ARTICLE{korycansky95,
   author = {{Korycansky}, D.~G. and {Papaloizou}, J.~C.~B.},
    title = "{The response of a gaseous disc to a binary encounter}",
  journal = {\mnras},
 keywords = {ACCRETION, ACCRETION DISCS, HYDRODYNAMICS},
     year = 1995,
    month = may,
   volume = 274,
    pages = {85-98},
   adsurl = {http://adsabs.harvard.edu/abs/1995MNRAS.274...85K},
  adsnote = {Provided by the SAO/NASA Astrophysics Data System}
}


@ARTICLE{lyndenbell74,
   author = {{Lynden-Bell}, D. and {Pringle}, J.~E.},
    title = "{The evolution of viscous discs and the origin of the nebular variables.}",
  journal = {\mnras},
     year = 1974,
    month = sep,
   volume = 168,
    pages = {603-637},
   adsurl = {http://adsabs.harvard.edu/abs/1974MNRAS.168..603L},
  adsnote = {Provided by the SAO/NASA Astrophysics Data System}
}

@ARTICLE{dangelo05,
   author = {{D'Angelo}, G. and {Bate}, M.~R. and {Lubow}, S.~H.},
    title = "{The dependence of protoplanet migration rates on co-orbital torques}",
  journal = {\mnras},
   eprint = {arXiv:astro-ph/0411705},
 keywords = {accretion, accretion discs, hydrodynamics, planets and satellites: formation},
     year = 2005,
    month = apr,
   volume = 358,
    pages = {316-332},
      doi = {10.1111/j.1365-2966.2005.08866.x},
   adsurl = {http://adsabs.harvard.edu/abs/2005MNRAS.358..316D},
  adsnote = {Provided by the SAO/NASA Astrophysics Data System}
}

@ARTICLE{papaloizou06b,
   author = {{Papaloizou}, J.~C.~B. and {Terquem}, C.},
    title = "{Planet formation and migration}",
  journal = {Reports on Progress in Physics},
   eprint = {arXiv:astro-ph/0510487},
     year = 2006,
    month = jan,
   volume = 69,
    pages = {119-180},
      doi = {10.1088/0034-4885/69/1/R03},
   adsurl = {http://adsabs.harvard.edu/abs/2006RPPh...69..119P},
  adsnote = {Provided by the SAO/NASA Astrophysics Data System}
}

@ARTICLE{marcy05,
   author = {{Marcy}, G. and {Butler}, R.~P. and {Fischer}, D. and {Vogt}, S. and
        {Wright}, J.~T. and {Tinney}, C.~G. and {Jones}, H.~R.~A.},
    title = "{Observed Properties of Exoplanets: Masses, Orbits, and Metallicities}",
  journal = {Progress of Theoretical Physics Supplement},
   eprint = {arXiv:astro-ph/0505003},
     year = 2005,
   volume = 158,
    pages = {24},
      doi = {10.1143/PTPS.158.24},
   adsurl = {http://adsabs.harvard.edu/abs/2005PThPS.158...24M},
  adsnote = {Provided by the SAO/NASA Astrophysics Data System}
}
@ARTICLE{udry07,
   author = {{Udry}, S. and {Santos}, N.~C.},
    title = "{Statistical Properties of Exoplanets}",
  journal = {\araa},
     year = 2007,
    month = sep,
   volume = 45,
    pages = {397},
      doi = {10.1146/annurev.astro.45.051806.110529},
   adsurl = {http://adsabs.harvard.edu/abs/2007ARA\%26A..45..397U},
  adsnote = {Provided by the SAO/NASA Astrophysics Data System}
}


@ARTICLE{lin11,
   author = {{Lin}, M.-K. and {Papaloizou}, J.~C.~B.},
    title = "{Edge modes in self-gravitating disc-planet interactions}",
  journal = {\mnras},
archivePrefix = "arXiv",
   eprint = {1103.5036},
 primaryClass = "astro-ph.EP",
 keywords = {planets and satellites: formation, planet-disc interactions, protoplanetary discs},
     year = 2011,
    month = jun,
    pages = {876-+},
      doi = {10.1111/j.1365-2966.2011.18797.x},
   adsurl = {http://adsabs.harvard.edu/abs/2011MNRAS.tmp..876L},
  adsnote = {Provided by the SAO/NASA Astrophysics Data System}
}



@ARTICLE{bracco99,
   author = {{Bracco}, A. and {Chavanis}, P.~H. and {Provenzale}, A. and 
	{Spiegel}, E.~A.},
    title = "{Particle aggregation in a turbulent Keplerian flow}",
  journal = {Physics of Fluids},
   eprint = {arXiv:astro-ph/9810336},
 keywords = {Turbulent flows, Particle-laden flows},
     year = 1999,
    month = aug,
   volume = 11,
    pages = {2280-2287},
      doi = {10.1063/1.870090},
   adsurl = {http://adsabs.harvard.edu/abs/1999PhFl...11.2280B},
  adsnote = {Provided by the SAO/NASA Astrophysics Data System}
}


@ARTICLE{chavanis00,
   author = {{Chavanis}, P.~H.},
    title = "{Trapping of dust by coherent vortices in the solar nebula}",
  journal = {\aap},
   eprint = {arXiv:astro-ph/9912087},
 keywords = {ACCRETION, ACCRETION DISKS, HYDRODYNAMICS, TURBULENCE, PLANETS AND SATELLITES: GENERAL, SOLAR SYSTEM: FORMATION, SOLAR SYSTEM: GENERAL},
     year = 2000,
    month = apr,
   volume = 356,
    pages = {1089-1111},
   adsurl = {http://adsabs.harvard.edu/abs/2000A%26A...356.1089C},
  adsnote = {Provided by the SAO/NASA Astrophysics Data System}
}



@ARTICLE{michael11,
   author = {{Michael}, S. and {Durisen}, R.~H. and {Boley}, A.~C.},
    title = "{Migration of Gas Giant Planets in Gravitationally Unstable Disks}",
  journal = {\apjl},
archivePrefix = "arXiv",
   eprint = {1106.1617},
 primaryClass = "astro-ph.EP",
 keywords = {hydrodynamics, instabilities, planet-disk interactions, planets and satellites: formation, protoplanetary disks },
     year = 2011,
    month = aug,
   volume = 737,
    pages = {L42+},
      doi = {10.1088/2041-8205/737/2/L42},
   adsurl = {http://adsabs.harvard.edu/abs/2011ApJ...737L..42M},
  adsnote = {Provided by the SAO/NASA Astrophysics Data System}
}


@ARTICLE{baruteau11,
   author = {{Baruteau}, C. and {Meru}, F. and {Paardekooper}, S.-J.},
    title = "{Rapid inward migration of planets formed by gravitational instability}",
  journal = {\mnras},
archivePrefix = "arXiv",
   eprint = {1106.0487},
 primaryClass = "astro-ph.EP",
 keywords = {accretion, accretion discs, hydrodynamics, turbulence, methods: numerical, planet-disc interactions, protoplanetary discs},
     year = 2011,
    month = jul,
    pages = {1086-+},
      doi = {10.1111/j.1365-2966.2011.19172.x},
   adsurl = {http://adsabs.harvard.edu/abs/2011MNRAS.tmp.1086B},
  adsnote = {Provided by the SAO/NASA Astrophysics Data System}
}



@INPROCEEDINGS{masset08,
   author = {{Masset}, F.~S.},
    title = "{Planet Disk Interactions}",
booktitle = {EAS Publications Series},
     year = 2008,
   series = {EAS Publications Series},
   volume = 29,
   editor = "{M.-J.~Goupil \& J.-P.~Zahn}",
    pages = {165-244},
      doi = {10.1051/eas:0829006},
   adsurl = {http://adsabs.harvard.edu/abs/2008EAS....29..165M},
  adsnote = {Provided by the SAO/NASA Astrophysics Data System}
}


@ARTICLE{paardekooper09c,
   author = {{Paardekooper}, S.~J. and {Nelson}, R.~P.},
    title = "{Numerical simulations of disc-planet interactions}",
  journal = {ArXiv e-prints},
archivePrefix = "arXiv",
   eprint = {0906.4347},
 primaryClass = "astro-ph.EP",
 keywords = {Astrophysics - Earth and Planetary Astrophysics, Astrophysics - Cosmology and Extragalactic Astrophysics, Astrophysics - Galaxy Astrophysics},
     year = 2009,
    month = jun,
   adsurl = {http://adsabs.harvard.edu/abs/2009arXiv0906.4347S},
  adsnote = {Provided by the SAO/NASA Astrophysics Data System}
}

@ARTICLE{baruteau11b,
   author = {{Baruteau}, C. and {Cuadra}, J. and {Lin}, D.~N.~C.},
    title = "{Binaries Migrating in a Gaseous Disk: Where are the Galactic Center Binaries?}",
  journal = {\apj},
archivePrefix = "arXiv",
   eprint = {1011.0360},
 primaryClass = "astro-ph.GA",
 keywords = {accretion, accretion disks, binaries: general, Galaxy: center, hydrodynamics, methods: numerical},
     year = 2011,
    month = jan,
   volume = 726,
    pages = {28-+},
      doi = {10.1088/0004-637X/726/1/28},
   adsurl = {http://adsabs.harvard.edu/abs/2011ApJ...726...28B},
  adsnote = {Provided by the SAO/NASA Astrophysics Data System}
}

@ARTICLE{kocsis11,
   author = {{Kocsis}, B. and {Yunes}, N. and {Loeb}, A.},
    title = "{Observable signatures of extreme mass-ratio inspiral black hole binaries embedded in thin accretion disks}",
  journal = {\prd},
archivePrefix = "arXiv",
   eprint = {1104.2322},
 primaryClass = "astro-ph.GA",
 keywords = {Gravitational-wave astrophysics, Gravitational waves: theory, Relativity and gravitation, Infall, accretion, and accretion disks},
     year = 2011,
    month = jul,
   volume = 84,
   number = 2,
    pages = {024032-+},
      doi = {10.1103/PhysRevD.84.024032},
   adsurl = {http://adsabs.harvard.edu/abs/2011PhRvD..84b4032K},
  adsnote = {Provided by the SAO/NASA Astrophysics Data System}
}

@ARTICLE{mckernan11,
   author = {{McKernan}, B. and {Ford}, K.~E.~S. and {Lyra}, W. and {Perets}, H.~B. and 
	{Winter}, L.~M. and {Yaqoob}, T.},
    title = "{On rapid migration and accretion within disks around supermassive black holes}",
  journal = {ArXiv e-prints},
archivePrefix = "arXiv",
   eprint = {1108.1787},
 primaryClass = "astro-ph.CO",
 keywords = {Astrophysics - Cosmology and Extragalactic Astrophysics, Astrophysics - Galaxy Astrophysics, Astrophysics - High Energy Astrophysical Phenomena},
     year = 2011,
    month = aug,
   adsurl = {http://adsabs.harvard.edu/abs/2011arXiv1108.1787M},
  adsnote = {Provided by the SAO/NASA Astrophysics Data System}
}


@ARTICLE{shlosman87,
   author = {{Shlosman}, I. and {Begelman}, M.~C.},
    title = "{Self-gravitating accretion disks in active galactic nuclei}",
  journal = {\nat},
 keywords = {ACCRETION DISKS, ACTIVE GALACTIC NUCLEI, ASTRONOMICAL MODELS, BLACK HOLES (ASTRONOMY), GRAVITATIONAL EFFECTS, EMISSION SPECTRA, INFRARED RADIATION, INTERSTELLAR MATTER, LINE SPECTRA},
     year = 1987,
    month = oct,
   volume = 329,
    pages = {810-812},
      doi = {10.1038/329810a0},
   adsurl = {http://adsabs.harvard.edu/abs/1987Natur.329..810S},
  adsnote = {Provided by the SAO/NASA Astrophysics Data System}
}



@ARTICLE{weidenschilling77,
   author = {{Weidenschilling}, S.~J.},
    title = "{Aerodynamics of solid bodies in the solar nebula}",
  journal = {\mnras},
 keywords = {AERODYNAMIC DRAG, INTERPLANETARY DUST, NEBULAE, RADIAL VELOCITY, SOLIDS, SUN, EQUATIONS OF MOTION, FRACTIONATION, ORBITAL VELOCITY, PARTICLE COLLISIONS, PARTICLE MOTION, PRESSURE GRADIENTS, STELLAR MODELS, WIND VELOCITY},
     year = 1977,
    month = jul,
   volume = 180,
    pages = {57-70},
   adsurl = {http://adsabs.harvard.edu/abs/1977MNRAS.180...57W},
  adsnote = {Provided by the SAO/NASA Astrophysics Data System}
}


@ARTICLE{hayashi81,
   author = {{Hayashi}, C.},
    title = "{Structure of the Solar Nebula, Growth and Decay of Magnetic Fields and Effects of Magnetic and Turbulent Viscosities on the Nebula}",
  journal = {Progress of Theoretical Physics Supplement},
     year = 1981,
   volume = 70,
    pages = {35-53},
      doi = {10.1143/PTPS.70.35},
   adsurl = {http://adsabs.harvard.edu/abs/1981PThPS..70...35H},
  adsnote = {Provided by the SAO/NASA Astrophysics Data System}
}

@ARTICLE{paardekooper10b,
   author = {{Paardekooper}, S.-J. and {Baruteau}, C. and {Crida}, A. and 
	{Kley}, W.},
    title = "{A torque formula for non-isothermal type I planetary migration - I. Unsaturated horseshoe drag}",
  journal = {\mnras},
archivePrefix = "arXiv",
   eprint = {0909.4552},
 primaryClass = "astro-ph.EP",
 keywords = {planets and satellites: formation, planetary systems: formation},
     year = 2010,
    month = jan,
   volume = 401,
    pages = {1950-1964},
      doi = {10.1111/j.1365-2966.2009.15782.x},
   adsurl = {http://adsabs.harvard.edu/abs/2010MNRAS.401.1950P},
  adsnote = {Provided by the SAO/NASA Astrophysics Data System}
}

@ARTICLE{paardekooper10,
   author = {{Paardekooper}, {S.-J.} and {Lesur}, G. and {Papaloizou}, J.~C.~B.
        },
    title = "{\phantom{z}Vortex Migration in Protoplanetary Disks}",
  journal = {\apj},
archivePrefix = "arXiv",
   eprint = {1009.5197},
 primaryClass = "astro-ph.EP",
 keywords = {accretion, accretion disks, hydrodynamics, planets and satellites: formation, waves },
     year = 2010,
    month = dec,
   volume = 725,
    pages = {146-158},
      doi = {10.1088/0004-637X/725/1/146},
   adsurl = {http://adsabs.harvard.edu/abs/2010ApJ...725..146P},
  adsnote = {Provided by the SAO/NASA Astrophysics Data System}
}



@ARTICLE{paardekooper11,
   author = {{Paardekooper}, S.-J. and {Baruteau}, C. and {Kley}, W.},
    title = "{\phantom{aab}A torque formula for non-isothermal Type I planetary migration - II. Effects of diffusion}",
  journal = {\mnras},
archivePrefix = "arXiv",
   eprint = {1007.4964},
 primaryClass = "astro-ph.EP",
 keywords = {planets and satellites: formation, planet, disc interactions},
     year = 2011,
    month = jan,
   volume = 410,
    pages = {293-303},
      doi = {10.1111/j.1365-2966.2010.17442.x},
   adsurl = {http://adsabs.harvard.edu/abs/2011MNRAS.410..293P},
  adsnote = {Provided by the SAO/NASA Astrophysics Data System}
}


@BOOK{barrett94,
AUTHOR = {R. Barrett and M. Berry and T. F. Chan and J. Demmel and J. Donato and J. Dongarra and V. Eijkhout and R. Pozo and C. Romine and H. Van der Vorst },
TITLE = {Templates for the Solution of Linear Systems: Building Blocks for Iterative Methods, 2nd Edition},
PUBLISHER = {SIAM},
YEAR = {1994},
ADDRESS = {Philadelphia, PA} }

@ARTICLE{lin10,
   author = {{Lin}, M.-K. and {Papaloizou}, J.~C.~B.},
    title = "{Type III migration in a low-viscosity disc}",
  journal = {\mnras},
archivePrefix = "arXiv",
   eprint = {1002.3742},
 primaryClass = "astro-ph.EP",
 keywords = {planetary systems: formation, planetary systems: protoplanetary discs},
     year = 2010,
    month = jul,
   volume = 405,
    pages = {1473-1490},
      doi = {10.1111/j.1365-2966.2010.16560.x},
   adsurl = {http://adsabs.harvard.edu/abs/2010MNRAS.405.1473L},
  adsnote = {Provided by the SAO/NASA Astrophysics Data System}
}

@ARTICLE{lin11b,
   author = {{Lin}, M.-K. and {Papaloizou}, J.~C.~B.},
    title = "{Edge modes in self-gravitating disc-planet interactions}",
  journal = {\mnras},
archivePrefix = "arXiv",
   eprint = {1103.5036},
 primaryClass = "astro-ph.EP",
 keywords = {planets and satellites: formation, planet-disc interactions, protoplanetary discs},
     year = 2011,
    month = aug,
   volume = 415,
    pages = {1445-1468},
      doi = {10.1111/j.1365-2966.2011.18797.x},
   adsurl = {http://adsabs.harvard.edu/abs/2011MNRAS.415.1445L},
  adsnote = {Provided by the SAO/NASA Astrophysics Data System}
}


@ARTICLE{lin11a,
   author = {{Lin}, M.-K. and {Papaloizou}, J.~C.~B.},
    title = "{The effect of self-gravity on vortex instabilities in disc-planet interactions}",
  journal = {\mnras},
archivePrefix = "arXiv",
   eprint = {1103.5025},
 primaryClass = "astro-ph.EP",
 keywords = {planets and satellites: formation, planet-disc interactions, protoplanetary discs},
     year = 2011,
    month = aug,
   volume = 415,
    pages = {1426-1444},
      doi = {10.1111/j.1365-2966.2011.18798.x},
   adsurl = {http://adsabs.harvard.edu/abs/2011MNRAS.415.1426L},
  adsnote = {Provided by the SAO/NASA Astrophysics Data System}
}


@ARTICLE{lissauer07,
   author = {{Lissauer}, J.~J. and {Stevenson}, D.~J.},
    title = "{Formation of Giant Planets}",
  journal = {Protostars and Planets V},
     year = 2007,
    pages = {591-606},
   adsurl = {http://adsabs.harvard.edu/abs/2007prpl.conf..591L},
  adsnote = {Provided by the SAO/NASA Astrophysics Data System}
}


@ARTICLE{ayliffe10,
   author = {{Ayliffe}, B.~A. and {Bate}, M.~R.},
    title = "{Planet migration: self-gravitating radiation hydrodynamical models of protoplanets with surfaces}",
  journal = {\mnras},
archivePrefix = "arXiv",
   eprint = {1006.2135},
 primaryClass = "astro-ph.EP",
 keywords = {hydrodynamics, radiative transfer, methods: numerical, planets and satellites: formation, planet, disc interactions},
     year = 2010,
    month = oct,
   volume = 408,
    pages = {876-896},
      doi = {10.1111/j.1365-2966.2010.17221.x},
   adsurl = {http://adsabs.harvard.edu/abs/2010MNRAS.408..876A},
  adsnote = {Provided by the SAO/NASA Astrophysics Data System}
}



@ARTICLE{vazan12,
   author = {{Vazan}, A. and {Helled}, R.},
    title = "{On the Evolution and Survival of Protoplanets Embedded in a Protoplanetary Disk}",
  journal = {ArXiv e-prints},
archivePrefix = "arXiv",
   eprint = {1206.5887},
 primaryClass = "astro-ph.EP",
 keywords = {Astrophysics - Earth and Planetary Astrophysics},
     year = 2012,
    month = jun,
   adsurl = {http://adsabs.harvard.edu/abs/2012arXiv1206.5887V},
  adsnote = {Provided by the SAO/NASA Astrophysics Data System}
}

@ARTICLE{lin12,
   author = {{Lin}, M.-K. and {Papaloizou}, J.~C.~B.},
    title = "{Outward migration of a giant planet with a gravitationally unstable gap edge}",
  journal = {\mnras},
archivePrefix = "arXiv",
   eprint = {1112.1704},
 primaryClass = "astro-ph.EP",
 keywords = {hydrodynamics, methods: numerical, protoplanetary discs, planetary systems},
     year = 2012,
    month = mar,
   volume = 421,
    pages = {780-788},
      doi = {10.1111/j.1365-2966.2011.20352.x},
   adsurl = {http://adsabs.harvard.edu/abs/2012MNRAS.421..780L},
  adsnote = {Provided by the SAO/NASA Astrophysics Data System}
}

@ARTICLE{xiang13,
   author = {{Xiang-Gruess}, M. and {Papaloizou}, J.~C.~B.},
    title = "{Interaction between massive planets on inclined orbits and circumstellar discs}",
  journal = {ArXiv e-prints},
archivePrefix = "arXiv",
   eprint = {1302.2045},
 primaryClass = "astro-ph.EP",
 keywords = {Astrophysics - Earth and Planetary Astrophysics},
     year = 2013,
    month = feb,
   adsurl = {http://adsabs.harvard.edu/abs/2013arXiv1302.2045X},
  adsnote = {Provided by the SAO/NASA Astrophysics Data System}
}

@ARTICLE{boss05,
   author = {{Boss}, A.~P.},
    title = "{Evolution of the Solar Nebula. VII. Formation and Survival of Protoplanets Formed by Disk Instability}",
  journal = {\apj},
 keywords = {Instabilities, Stars: Planetary Systems, Solar System: Formation},
     year = 2005,
    month = aug,
   volume = 629,
    pages = {535-548},
      doi = {10.1086/431457},
   adsurl = {http://adsabs.harvard.edu/abs/2005ApJ...629..535B},
  adsnote = {Provided by the SAO/NASA Astrophysics Data System}
}

@ARTICLE{boss13,
   author = {{Boss}, A.~P.},
    title = "{Orbital Migration of Protoplanets in a Marginally Gravitationally Unstable Disk}",
  journal = {\apj},
archivePrefix = "arXiv",
   eprint = {1301.3178},
 primaryClass = "astro-ph.EP",
 keywords = {hydrodynamics, planet-disk interactions, planets and satellites: dynamical evolution and stability, planets and satellites: formation, protoplanetary disks },
     year = 2013,
    month = feb,
   volume = 764,
      eid = {194},
    pages = {194},
      doi = {10.1088/0004-637X/764/2/194},
   adsurl = {http://adsabs.harvard.edu/abs/2013ApJ...764..194B},
  adsnote = {Provided by the SAO/NASA Astrophysics Data System}
}


@ARTICLE{zhu12,
   author = {{Zhu}, Z. and {Hartmann}, L. and {Nelson}, R.~P. and {Gammie}, C.~F.
	},
    title = "{Challenges in Forming Planets by Gravitational Instability: Disk Irradiation and Clump Migration, Accretion, and Tidal Destruction}",
  journal = {\apj},
archivePrefix = "arXiv",
   eprint = {1111.6943},
 primaryClass = "astro-ph.SR",
 keywords = {hydrodynamics, instabilities, planet-disk interactions, planets and satellites: formation, protoplanetary disks},
     year = 2012,
    month = feb,
   volume = 746,
      eid = {110},
    pages = {110},
      doi = {10.1088/0004-637X/746/1/110},
   adsurl = {http://adsabs.harvard.edu/abs/2012ApJ...746..110Z},
  adsnote = {Provided by the SAO/NASA Astrophysics Data System}
}


@ARTICLE{voro10,
   author = {{Vorobyov}, E.~I. and {Basu}, S.},
    title = "{Formation and Survivability of Giant Planets on Wide Orbits}",
  journal = {\apjl},
archivePrefix = "arXiv",
   eprint = {1003.4315},
 primaryClass = "astro-ph.SR",
 keywords = {circumstellar matter, hydrodynamics, ISM: clouds, planetary systems, protoplanetary disks, stars: formation},
     year = 2010,
    month = may,
   volume = 714,
    pages = {L133-L137},
      doi = {10.1088/2041-8205/714/1/L133},
   adsurl = {http://adsabs.harvard.edu/abs/2010ApJ...714L.133V},
  adsnote = {Provided by the SAO/NASA Astrophysics Data System}
}

@ARTICLE{voro13,
   author = {{Vorobyov}, E.~I.},
    title = "{Formation of giant planets and brown dwarfs on wide orbits}",
  journal = {ArXiv e-prints},
archivePrefix = "arXiv",
   eprint = {1302.1892},
 primaryClass = "astro-ph.EP",
 keywords = {Astrophysics - Earth and Planetary Astrophysics, Astrophysics - Solar and Stellar Astrophysics},
     year = 2013,
    month = feb,
   adsurl = {http://adsabs.harvard.edu/abs/2013arXiv1302.1892V},
  adsnote = {Provided by the SAO/NASA Astrophysics Data System}
}


@ARTICLE{papaloizou01,
   author = {{Papaloizou}, J.~C.~B. and {Nelson}, R.~P. and {Masset}, F.},
    title = "{Orbital eccentricity growth through disc-companion tidal interaction}",
  journal = {\aap},
 keywords = {ACCRETION, ACCRETION DISKS, METHODS: NUMERICAL, STARS: PLANETARY SYSTEMS},
     year = 2001,
    month = jan,
   volume = 366,
    pages = {263-275},
      doi = {10.1051/0004-6361:20000011},
   adsurl = {http://adsabs.harvard.edu/abs/2001A%26A...366..263P},
  adsnote = {Provided by the SAO/NASA Astrophysics Data System}
}

@ARTICLE{dunhill13,
   author = {{Dunhill}, A.~C. and {Alexander}, R.~D. and {Armitage}, P.~J.
	},
    title = "{A limit on eccentricity growth from global 3D simulations of disc-planet interactions}",
  journal = {\mnras},
archivePrefix = "arXiv",
   eprint = {1210.6035},
 primaryClass = "astro-ph.EP",
 keywords = {hydrodynamics, methods: numerical, planets and satellites: dynamical evolution and stability, planets and satellites: formation, planet-disc interaction, protoplanetary discs},
     year = 2013,
    month = feb,
   volume = 428,
    pages = {3072-3082},
      doi = {10.1093/mnras/sts254},
   adsurl = {http://adsabs.harvard.edu/abs/2013MNRAS.428.3072D},
  adsnote = {Provided by the SAO/NASA Astrophysics Data System}
}

@ARTICLE{marios08,
   author = {{Marois}, C. and {Macintosh}, B. and {Barman}, T. and {Zuckerman}, B. and 
	{Song}, I. and {Patience}, J. and {Lafreni{\`e}re}, D. and {Doyon}, R.
	},
    title = "{Direct Imaging of Multiple Planets Orbiting the Star HR 8799}",
  journal = {Science},
archivePrefix = "arXiv",
   eprint = {0811.2606},
     year = 2008,
    month = nov,
   volume = 322,
    pages = {1348-},
      doi = {10.1126/science.1166585},
   adsurl = {http://adsabs.harvard.edu/abs/2008Sci...322.1348M},
  adsnote = {Provided by the SAO/NASA Astrophysics Data System}
}

@ARTICLE{marios10,
   author = {{Marois}, C. and {Zuckerman}, B. and {Konopacky}, Q.~M. and 
	{Macintosh}, B. and {Barman}, T.},
    title = "{Images of a fourth planet orbiting HR 8799}",
  journal = {\nat},
archivePrefix = "arXiv",
   eprint = {1011.4918},
 primaryClass = "astro-ph.EP",
     year = 2010,
    month = dec,
   volume = 468,
    pages = {1080-1083},
      doi = {10.1038/nature09684},
   adsurl = {http://adsabs.harvard.edu/abs/2010Natur.468.1080M},
  adsnote = {Provided by the SAO/NASA Astrophysics Data System}
}

@ARTICLE{kalas08,
   author = {{Kalas}, P. and {Graham}, J.~R. and {Chiang}, E. and {Fitzgerald}, M.~P. and 
	{Clampin}, M. and {Kite}, E.~S. and {Stapelfeldt}, K. and {Marois}, C. and 
	{Krist}, J.},
    title = "{Optical Images of an Exosolar Planet 25 Light-Years from Earth}",
  journal = {Science},
archivePrefix = "arXiv",
   eprint = {0811.1994},
     year = 2008,
    month = nov,
   volume = 322,
    pages = {1345-},
      doi = {10.1126/science.1166609},
   adsurl = {http://adsabs.harvard.edu/abs/2008Sci...322.1345K},
  adsnote = {Provided by the SAO/NASA Astrophysics Data System}
}

@ARTICLE{chauvin05,
   author = {{Chauvin}, G. and {Lagrange}, A.-M. and {Zuckerman}, B. and 
	{Dumas}, C. and {Mouillet}, D. and {Song}, I. and {Beuzit}, J.-L. and 
	{Lowrance}, P. and {Bessell}, M.~S.},
    title = "{A companion to AB Pic at the planet/brown dwarf boundary}",
  journal = {\aap},
   eprint = {arXiv:astro-ph/0504658},
     year = 2005,
    month = aug,
   volume = 438,
    pages = {L29-L32},
      doi = {10.1051/0004-6361:200500111},
   adsurl = {http://adsabs.harvard.edu/abs/2005A%26A...438L..29C},
  adsnote = {Provided by the SAO/NASA Astrophysics Data System}
}

@ARTICLE{boss06,
   author = {{Boss}, A.~P.},
    title = "{On the Formation of Gas Giant Planets on Wide Orbits}",
  journal = {\apjl},
   eprint = {arXiv:astro-ph/0601278},
 keywords = {Stars: Planetary Systems, Stars: Low-Mass, Brown Dwarfs},
     year = 2006,
    month = feb,
   volume = 637,
    pages = {L137-L140},
      doi = {10.1086/500613},
   adsurl = {http://adsabs.harvard.edu/abs/2006ApJ...637L.137B},
  adsnote = {Provided by the SAO/NASA Astrophysics Data System}
}

@ARTICLE{boss11,
   author = {{Boss}, A.~P.},
    title = "{Formation of Giant Planets by Disk Instability on Wide Orbits Around Protostars with Varied Masses}",
  journal = {\apj},
archivePrefix = "arXiv",
   eprint = {1102.4555},
 primaryClass = "astro-ph.EP",
 keywords = {accretion, accretion disks, hydrodynamics, instabilities, planets and satellites: formation, protoplanetary disks},
     year = 2011,
    month = apr,
   volume = 731,
      eid = {74},
    pages = {74},
      doi = {10.1088/0004-637X/731/1/74},
   adsurl = {http://adsabs.harvard.edu/abs/2011ApJ...731...74B},
  adsnote = {Provided by the SAO/NASA Astrophysics Data System}
}

@ARTICLE{rafikov07,
   author = {{Rafikov}, R.~R.},
    title = "{Convective Cooling and Fragmentation of Gravitationally Unstable Disks}",
  journal = {\apj},
   eprint = {arXiv:astro-ph/0609549},
 keywords = {Stars: Planetary Systems: Protoplanetary Disks, Planets and Satellites: Formation, Solar System: Formation},
     year = 2007,
    month = jun,
   volume = 662,
    pages = {642-650},
      doi = {10.1086/517599},
   adsurl = {http://adsabs.harvard.edu/abs/2007ApJ...662..642R},
  adsnote = {Provided by the SAO/NASA Astrophysics Data System}
}


@ARTICLE{nero09,
   author = {{Nero}, D. and {Bjorkman}, J.~E.},
    title = "{Did Fomalhaut, HR 8799, and HL Tauri Form Planets Via the Gravitational Instability? Placing Limits on the Required Disk Masses}",
  journal = {\apjl},
archivePrefix = "arXiv",
   eprint = {0908.1108},
 primaryClass = "astro-ph.SR",
 keywords = {instabilities, planetary systems: formation, planetary systems: protoplanetary disks, stars: individual: Fomalhaut HL Tau HR 8799},
     year = 2009,
    month = sep,
   volume = 702,
    pages = {L163-L167},
      doi = {10.1088/0004-637X/702/2/L163},
   adsurl = {http://adsabs.harvard.edu/abs/2009ApJ...702L.163N},
  adsnote = {Provided by the SAO/NASA Astrophysics Data System}
}

@ARTICLE{stam09,
   author = {{Stamatellos}, D. and {Whitworth}, A.~P.},
    title = "{The properties of brown dwarfs and low-mass hydrogen-burning stars formed by disc fragmentation}",
  journal = {\mnras},
archivePrefix = "arXiv",
   eprint = {0810.1687},
 keywords = {accretion, accretion discs , hydrodynamics , radiative transfer , methods: numerical , stars: formation , stars: low-mass, brown dwarfs},
     year = 2009,
    month = jan,
   volume = 392,
    pages = {413-427},
      doi = {10.1111/j.1365-2966.2008.14069.x},
   adsurl = {http://adsabs.harvard.edu/abs/2009MNRAS.392..413S},
  adsnote = {Provided by the SAO/NASA Astrophysics Data System}
}

@ARTICLE{dodson09,
   author = {{Dodson-Robinson}, S.~E. and {Veras}, D. and {Ford}, E.~B. and 
	{Beichman}, C.~A.},
    title = "{The Formation Mechanism of Gas Giants on Wide Orbits}",
  journal = {\apj},
archivePrefix = "arXiv",
   eprint = {0909.2662},
 primaryClass = "astro-ph.EP",
 keywords = {accretion, accretion disks, instabilities, planetary systems, planetary systems: formation, stars: formation},
     year = 2009,
    month = dec,
   volume = 707,
    pages = {79-88},
      doi = {10.1088/0004-637X/707/1/79},
   adsurl = {http://adsabs.harvard.edu/abs/2009ApJ...707...79D},
  adsnote = {Provided by the SAO/NASA Astrophysics Data System}
}


@ARTICLE{kratter10,
   author = {{Kratter}, K.~M. and {Murray-Clay}, R.~A. and {Youdin}, A.~N.
	},
    title = "{The Runts of the Litter: Why Planets Formed Through Gravitational Instability Can Only Be Failed Binary Stars}",
  journal = {\apj},
archivePrefix = "arXiv",
   eprint = {0909.2644},
 primaryClass = "astro-ph.EP",
 keywords = {binaries: general, brown dwarfs, planet-disk interactions, planets and satellites: formation, protoplanetary disks},
     year = 2010,
    month = feb,
   volume = 710,
    pages = {1375-1386},
      doi = {10.1088/0004-637X/710/2/1375},
   adsurl = {http://adsabs.harvard.edu/abs/2010ApJ...710.1375K},
  adsnote = {Provided by the SAO/NASA Astrophysics Data System}
}


@ARTICLE{rice10,
   author = {{Rice}, W.~K.~M. and {Mayo}, J.~H. and {Armitage}, P.~J.},
    title = "{The role of disc self-gravity in the formation of protostars and protostellar discs}",
  journal = {\mnras},
archivePrefix = "arXiv",
   eprint = {0911.1202},
 primaryClass = "astro-ph.SR",
 keywords = {circumstellar matter, stars: formation, planetary systems: formation, planetary systems: protoplanetary discs, stars: pre-main-sequence},
     year = 2010,
    month = mar,
   volume = 402,
    pages = {1740-1749},
      doi = {10.1111/j.1365-2966.2009.15992.x},
   adsurl = {http://adsabs.harvard.edu/abs/2010MNRAS.402.1740R},
  adsnote = {Provided by the SAO/NASA Astrophysics Data System}
}



@ARTICLE{papaloizou01b,
   author = {{Papaloizou}, J.~C.~B. and {Terquem}, C.},
    title = "{Dynamical relaxation and massive extrasolar planets}",
  journal = {\mnras},
   eprint = {arXiv:astro-ph/0012391},
 keywords = {CELESTIAL MECHANICS, PLANETARY SYSTEMS: FORMATION, PLANETARY SYSTEMS: PROTOPLANETARY DISCS},
     year = 2001,
    month = jul,
   volume = 325,
    pages = {221-230},
      doi = {10.1046/j.1365-8711.2001.04386.x},
   adsurl = {http://adsabs.harvard.edu/abs/2001MNRAS.325..221P},
  adsnote = {Provided by the SAO/NASA Astrophysics Data System}
}


@ARTICLE{veras09,
   author = {{Veras}, D. and {Crepp}, J.~R. and {Ford}, E.~B.},
    title = "{Formation, Survival, and Detectability of Planets Beyond 100 AU}",
  journal = {\apj},
archivePrefix = "arXiv",
   eprint = {0902.2779},
 primaryClass = "astro-ph.EP",
 keywords = {celestial mechanics, methods: N-body simulations, open clusters and associations: general, planetary systems: formation, stars: imaging, techniques: high angular resolution},
     year = 2009,
    month = may,
   volume = 696,
    pages = {1600-1611},
      doi = {10.1088/0004-637X/696/2/1600},
   adsurl = {http://adsabs.harvard.edu/abs/2009ApJ...696.1600V},
  adsnote = {Provided by the SAO/NASA Astrophysics Data System}
}


@ARTICLE{scharf09,
   author = {{Scharf}, C. and {Menou}, K.},
    title = "{Long-Period Exoplanets From Dynamical Relaxation}",
  journal = {\apjl},
archivePrefix = "arXiv",
   eprint = {0811.1981},
 keywords = {celestial mechanics, planetary systems: formation},
     year = 2009,
    month = mar,
   volume = 693,
    pages = {L113-L117},
      doi = {10.1088/0004-637X/693/2/L113},
   adsurl = {http://adsabs.harvard.edu/abs/2009ApJ...693L.113S},
  adsnote = {Provided by the SAO/NASA Astrophysics Data System}
}

@ARTICLE{crid09,
   author = {{Crida}, A. and {Masset}, F. and {Morbidelli}, A.},
    title = "{Long Range Outward Migration of Giant Planets, with Application to Fomalhaut b}",
  journal = {\apjl},
archivePrefix = "arXiv",
   eprint = {0910.1004},
 primaryClass = "astro-ph.EP",
 keywords = {methods: numerical, planetary systems: formation, planetary systems: protoplanetary disks},
     year = 2009,
    month = nov,
   volume = 705,
    pages = {L148-L152},
      doi = {10.1088/0004-637X/705/2/L148},
   adsurl = {http://adsabs.harvard.edu/abs/2009ApJ...705L.148C},
  adsnote = {Provided by the SAO/NASA Astrophysics Data System}
}
i
@ARTICLE{bowler11,
   author = {{Bowler}, B.~P. and {Liu}, M.~C. and {Kraus}, A.~L. and {Mann}, A.~W. and 
	{Ireland}, M.~J.},
    title = "{A Disk around the Planetary-mass Companion GSC 06214-00210 b: Clues about the Formation of Gas Giants on Wide Orbits}",
  journal = {\apj},
archivePrefix = "arXiv",
   eprint = {1109.5693},
 primaryClass = "astro-ph.EP",
 keywords = {planets and satellites: formation, stars: individual: GSC 06214-00210, stars: pre-main sequence},
     year = 2011,
    month = dec,
   volume = 743,
      eid = {148},
    pages = {148},
      doi = {10.1088/0004-637X/743/2/148},
   adsurl = {http://adsabs.harvard.edu/abs/2011ApJ...743..148B},
  adsnote = {Provided by the SAO/NASA Astrophysics Data System}
}

@PHDTHESIS{lin_thesis,
   author = {{Lin}, M.-K.},
    title = "{Dynamical instabilities in disc-planet interactions}",
 keywords = {Astrophysics - Earth and Planetary Astrophysics},
   school = {Cambridge University},
     year = 2012,
   adsurl = {http://adsabs.harvard.edu/abs/2012PhDT........10L},
  adsnote = {Provided by the SAO/NASA Astrophysics Data System}
}

@ARTICLE{kley12,
   author = {{Kley}, W. and {Nelson}, R.~P.},
    title = "{Planet-Disk Interaction and Orbital Evolution}",
  journal = {\araa},
archivePrefix = "arXiv",
   eprint = {1203.1184},
 primaryClass = "astro-ph.EP",
     year = 2012,
    month = sep,
   volume = 50,
    pages = {211-249},
      doi = {10.1146/annurev-astro-081811-125523},
   adsurl = {http://adsabs.harvard.edu/abs/2012ARA%26A..50..211K},
  adsnote = {Provided by the SAO/NASA Astrophysics Data System}
}

@INPROCEEDINGS{baruteau13,
   author = {{Baruteau}, C. and {Masset}, F.},
    title = "{Recent Developments in Planet Migration Theory}",
 keywords = {Physics},
booktitle = {Lecture Notes in Physics, Berlin Springer Verlag},
     year = 2013,
   series = {Lecture Notes in Physics, Berlin Springer Verlag},
   volume = 861,
archivePrefix = "arXiv",
   eprint = {1203.3294},
 primaryClass = "astro-ph.EP",
   editor = {{Souchay}, J. and {Mathis}, S. and {Tokieda}, T.},
    pages = {201},
      doi = {10.1007/978-3-642-32961-6_6},
   adsurl = {http://adsabs.harvard.edu/abs/2013LNP...861..201B},
  adsnote = {Provided by the SAO/NASA Astrophysics Data System}
}

@ARTICLE{lin12b,
   author = {{Lin}, M.-K.},
    title = "{Vortex and spiral instabilities at gap edges in three-dimensional self-gravitating disc-satellite simulations}",
  journal = {\mnras},
archivePrefix = "arXiv",
   eprint = {1205.4034},
 primaryClass = "astro-ph.EP",
 keywords = {hydrodynamics, instabilities, methods: numerical, planet-disc interactions, protoplanetary discs, planetary systems},
     year = 2012,
    month = nov,
   volume = 426,
    pages = {3211-3224},
      doi = {10.1111/j.1365-2966.2012.21955.x},
   adsurl = {http://adsabs.harvard.edu/abs/2012MNRAS.426.3211L},
  adsnote = {Provided by the SAO/NASA Astrophysics Data System}
}

@ARTICLE{dong11,
   author = {{Dong}, R. and {Rafikov}, R.~R. and {Stone}, J.~M.},
    title = "{Density Waves Excited by Low-mass Planets in Protoplanetary Disks. II. High-resolution Simulations of the Nonlinear Regime}",
  journal = {\apj},
archivePrefix = "arXiv",
   eprint = {1109.2590},
 primaryClass = "astro-ph.EP",
 keywords = {hydrodynamics, methods: numerical, planet-disk interactions, planets and satellites: formation, protoplanetary disks },
     year = 2011,
    month = nov,
   volume = 741,
      eid = {57},
    pages = {57},
      doi = {10.1088/0004-637X/741/1/57},
   adsurl = {http://adsabs.harvard.edu/abs/2011ApJ...741...57D},
  adsnote = {Provided by the SAO/NASA Astrophysics Data System}
}

@ARTICLE{rafikov02,
   author = {{Rafikov}, R.~R.},
    title = "{Planet Migration and Gap Formation by Tidally Induced Shocks}",
  journal = {\apj},
   eprint = {arXiv:astro-ph/0110540},
 keywords = {Stars: Planetary Systems, Stars: Planetary Systems: Formation, Planets and Satellites: General, Solar System: Formation},
     year = 2002,
    month = jun,
   volume = 572,
    pages = {566-579},
      doi = {10.1086/340228},
   adsurl = {http://adsabs.harvard.edu/abs/2002ApJ...572..566R},
  adsnote = {Provided by the SAO/NASA Astrophysics Data System}
}

@ARTICLE{duffell13,
   author = {{Duffell}, P.~C. and {MacFadyen}, A.~I},
    title = "{Gap Opening by Extremely Low Mass Planets in a Viscous Disk}",
  journal = {ArXiv e-prints},
archivePrefix = "arXiv",
   eprint = {1302.1934},
 primaryClass = "astro-ph.EP",
 keywords = {Astrophysics - Earth and Planetary Astrophysics, Physics - Computational Physics, Physics - Fluid Dynamics},
     year = 2013,
    month = feb,
   adsurl = {http://adsabs.harvard.edu/abs/2013arXiv1302.1934D},
  adsnote = {Provided by the SAO/NASA Astrophysics Data System}
}

@ARTICLE{gammie96,
   author = {{Gammie}, C.~F.},
    title = "{Layered Accretion in T Tauri Disks}",
  journal = {\apj},
 keywords = {ACCRETION, ACCRETION DISKS, STARS: MAGNETIC FIELDS, STARS: PRE-MAIN-SEQUENCE},
     year = 1996,
    month = jan,
   volume = 457,
    pages = {355},
      doi = {10.1086/176735},
   adsurl = {http://adsabs.harvard.edu/abs/1996ApJ...457..355G},
  adsnote = {Provided by the SAO/NASA Astrophysics Data System}
}

@ARTICLE{boss97,
   author = {{Boss}, A.~P.},
    title = "{Giant planet formation by gravitational instability.}",
  journal = {Science},
 keywords = {Jovian Planets: Formation, Solar Nebula: Gravitational Instability, Protoplanetary Disks: Hydrodynamics},
     year = 1997,
   volume = 276,
    pages = {1836-1839},
      doi = {10.1126/science.276.5320.1836},
   adsurl = {http://adsabs.harvard.edu/abs/1997Sci...276.1836B},
  adsnote = {Provided by the SAO/NASA Astrophysics Data System}
}


@ARTICLE{naya10,
   author = {{Nayakshin}, S.},
    title = "{Formation of planets by tidal downsizing of giant planet embryos}",
  journal = {\mnras},
archivePrefix = "arXiv",
   eprint = {1007.4159},
 primaryClass = "astro-ph.EP",
 keywords = {planets and satellites: formation, stars: formation},
     year = 2010,
    month = oct,
   volume = 408,
    pages = {L36-L40},
      doi = {10.1111/j.1745-3933.2010.00923.x},
   adsurl = {http://adsabs.harvard.edu/abs/2010MNRAS.408L..36N},
  adsnote = {Provided by the SAO/NASA Astrophysics Data System}
}

@ARTICLE{naya13,
   author = {{Nayakshin}, S.},
    title = "{Hydrogen-losing planets in transition discs around young protostars}",
  journal = {\mnras},
archivePrefix = "arXiv",
   eprint = {1302.1389},
 primaryClass = "astro-ph.SR",
 keywords = {planets and satellites: formation, planet-disc interactions, protoplanetary discs, stars: formation},
     year = 2013,
    month = mar,
      doi = {10.1093/mnras/stt272},
   adsurl = {http://adsabs.harvard.edu/abs/2013MNRAS.tmp..970N},
  adsnote = {Provided by the SAO/NASA Astrophysics Data System}
}

@ARTICLE{currie12,
   author = {{Currie}, T. and {Debes}, J. and {Rodigas}, T.~J. and {Burrows}, A. and 
	{Itoh}, Y. and {Fukagawa}, M. and {Kenyon}, S.~J. and {Kuchner}, M. and 
	{Matsumura}, S.},
    title = "{Direct Imaging Confirmation and Characterization of a Dust-enshrouded Candidate Exoplanet Orbiting Fomalhaut}",
  journal = {\apjl},
archivePrefix = "arXiv",
   eprint = {1210.6620},
 primaryClass = "astro-ph.EP",
 keywords = {planetary systems, stars: individual:: Fomalhaut},
     year = 2012,
    month = dec,
   volume = 760,
      eid = {L32},
    pages = {L32},
      doi = {10.1088/2041-8205/760/2/L32},
   adsurl = {http://adsabs.harvard.edu/abs/2012ApJ...760L..32C},
  adsnote = {Provided by the SAO/NASA Astrophysics Data System}
}


@ARTICLE{baruteau08b,
   author = {{Baruteau}, C. and {Masset}, F.},
    title = "{On the Corotation Torque in a Radiatively Inefficient Disk}",
  journal = {\apj},
archivePrefix = "arXiv",
   eprint = {0709.2617},
 keywords = {Accretion, Accretion Disks, Hydrodynamics, Methods: Numerical, Stars: Planetary Systems: Formation, Stars: Planetary Systems: Protoplanetary Disks},
     year = 2008,
    month = jan,
   volume = 672,
    pages = {1054-1067},
      doi = {10.1086/523667},
   adsurl = {http://adsabs.harvard.edu/abs/2008ApJ...672.1054B},
  adsnote = {Provided by the SAO/NASA Astrophysics Data System}
}

@ARTICLE{fu14,
   author = {{Fu}, W. and {Li}, H. and {Lubow}, S. and {Li}, S.},
    title = "{Long-term Evolution of Planet-induced Vortices in Protoplanetary Disks}",
  journal = {\apjl},
archivePrefix = "arXiv",
   eprint = {1405.7379},
 primaryClass = "astro-ph.EP",
 keywords = {accretion, accretion disks, hydrodynamics, instabilities, protoplanetary disks},
     year = 2014,
    month = jun,
   volume = 788,
      eid = {L41},
    pages = {L41},
      doi = {10.1088/2041-8205/788/2/L41},
   adsurl = {http://adsabs.harvard.edu/abs/2014ApJ...788L..41F},
  adsnote = {Provided by the SAO/NASA Astrophysics Data System}
}

@ARTICLE{pap_lin84,
   author = {{Papaloizou}, J. and {Lin}, D.~N.~C.},
    title = "{On the tidal interaction between protoplanets and the primordial solar nebula. I - Linear calculation of the role of angular momentum exchange}",
  journal = {\apj},
 keywords = {Planetary Evolution, Protoplanets, Solar Corona, Solar System, Tides, Angular Momentum, Asymptotic Methods, Fourier Analysis, Momentum Transfer, Polytropic Processes, Rotating Disks},
     year = 1984,
    month = oct,
   volume = 285,
    pages = {818-834},
      doi = {10.1086/162561},
   adsurl = {http://adsabs.harvard.edu/abs/1984ApJ...285..818P},
  adsnote = {Provided by the SAO/NASA Astrophysics Data System}
}



@ARTICLE{quanz13a,
   author = {{Quanz}, S.~P. and {Avenhaus}, H. and {Buenzli}, E. and {Garufi}, A. and 
	{Schmid}, H.~M. and {Wolf}, S.},
    title = "{Gaps in the HD 169142 Protoplanetary Disk Revealed by Polarimetric Imaging: Signs of Ongoing Planet Formation?}",
  journal = {\apjl},
archivePrefix = "arXiv",
   eprint = {1302.3029},
 primaryClass = "astro-ph.GA",
 keywords = {planet-disk interactions, protoplanetary disks, stars: formation, stars: individual: HD 169142, stars: pre-main sequence},
     year = 2013,
    month = mar,
   volume = 766,
      eid = {L2},
    pages = {L2},
      doi = {10.1088/2041-8205/766/1/L2},
   adsurl = {http://adsabs.harvard.edu/abs/2013ApJ...766L...2Q},
  adsnote = {Provided by the SAO/NASA Astrophysics Data System}
}

@ARTICLE{osorio14,
   author = {{Osorio}, M. and {Anglada}, G. and {Carrasco-Gonz{\'a}lez}, C. and 
	{Torrelles}, J.~M. and {Mac{\'{\i}}as}, E. and {Rodr{\'{\i}}guez}, L.~F. and 
	{G{\'o}mez}, J.~F. and {D'Alessio}, P. and {Calvet}, N. and 
	{Nagel}, E. and {Dent}, W.~R.~F. and {Quanz}, S.~P. and {Reggiani}, M. and 
	{Mayen-Gijon}, J.~M.},
    title = "{Imaging the Inner and Outer Gaps of the Pre-transitional Disk of HD 169142 at 7 mm}",
  journal = {\apjl},
archivePrefix = "arXiv",
   eprint = {1407.6549},
 primaryClass = "astro-ph.SR",
 keywords = {planet-disk interactions, protoplanetary disks, stars: formation, stars: individual: HD 169142, stars: pre-main sequence},
     year = 2014,
    month = aug,
   volume = 791,
      eid = {L36},
    pages = {L36},
      doi = {10.1088/2041-8205/791/2/L36},
   adsurl = {http://adsabs.harvard.edu/abs/2014ApJ...791L..36O},
  adsnote = {Provided by the SAO/NASA Astrophysics Data System}
}



@ARTICLE{quanz13b,
   author = {{Quanz}, S.~P. and {Amara}, A. and {Meyer}, M.~R. and {Kenworthy}, M.~A. and 
	{Kasper}, M. and {Girard}, J.~H.},
    title = "{A Young Protoplanet Candidate Embedded in the Circumstellar Disk of HD 100546}",
  journal = {\apjl},
archivePrefix = "arXiv",
   eprint = {1302.7122},
 primaryClass = "astro-ph.GA",
 keywords = {planet-disk interactions, planets and satellites: formation, protoplanetary disks, stars: formation, stars: individual: HD 100546},
     year = 2013,
    month = mar,
   volume = 766,
      eid = {L1},
    pages = {L1},
      doi = {10.1088/2041-8205/766/1/L1},
   adsurl = {http://adsabs.harvard.edu/abs/2013ApJ...766L...1Q},
  adsnote = {Provided by the SAO/NASA Astrophysics Data System}
}

@ARTICLE{debes13,
   author = {{Debes}, J.~H. and {Jang-Condell}, H. and {Weinberger}, A.~J. and 
	{Roberge}, A. and {Schneider}, G.},
    title = "{The 0.5-2.22 {$\mu$}m Scattered Light Spectrum of the Disk around TW Hya: Detection of a Partially Filled Disk Gap at 80 AU}",
  journal = {\apj},
archivePrefix = "arXiv",
   eprint = {1306.2969},
 primaryClass = "astro-ph.EP",
 keywords = {planet-disk interactions, protoplanetary disks, radiative transfer, stars: individual: TW Hya},
     year = 2013,
    month = jul,
   volume = 771,
      eid = {45},
    pages = {45},
      doi = {10.1088/0004-637X/771/1/45},
   adsurl = {http://adsabs.harvard.edu/abs/2013ApJ...771...45D},
  adsnote = {Provided by the SAO/NASA Astrophysics Data System}
}

@ARTICLE{fung14,
   author = {{Fung}, J. and {Shi}, J.-M. and {Chiang}, E.},
    title = "{How Empty are Disk Gaps Opened by Giant Planets?}",
  journal = {\apj},
archivePrefix = "arXiv",
   eprint = {1310.0156},
 primaryClass = "astro-ph.EP",
 keywords = {accretion, accretion disks, methods: numerical, planet-disk interactions, planets and satellites: formation, protoplanetary disks},
     year = 2014,
    month = feb,
   volume = 782,
      eid = {88},
    pages = {88},
      doi = {10.1088/0004-637X/782/2/88},
   adsurl = {http://adsabs.harvard.edu/abs/2014ApJ...782...88F},
  adsnote = {Provided by the SAO/NASA Astrophysics Data System}
}

@ARTICLE{reggiani14,
   author = {{Reggiani}, M. and {Quanz}, S.~P. and {Meyer}, M.~R. and {Pueyo}, L. and 
	{Absil}, O. and {Amara}, A. and {Anglada}, G. and {Avenhaus}, H. and 
	{Girard}, J.~H. and {Carrasco Gonzalez}, C. and {Graham}, J. and 
	{Mawet}, D. and {Meru}, F. and {Milli}, J. and {Osorio}, M. and 
	{Wolff}, S. and {Torrelles}, J.-M.},
    title = "{Discovery of a Companion Candidate in the HD 169142 Transition Disk and the Possibility of Multiple Planet Formation}",
  journal = {\apjl},
archivePrefix = "arXiv",
   eprint = {1408.0813},
 primaryClass = "astro-ph.EP",
 keywords = {brown dwarfs, planet-disk interactions, planets and satellites: formation, protoplanetary disks, stars: individual: HD 169142, stars: low-mass},
     year = 2014,
    month = sep,
   volume = 792,
      eid = {L23},
    pages = {L23},
      doi = {10.1088/2041-8205/792/1/L23},
   adsurl = {http://adsabs.harvard.edu/abs/2014ApJ...792L..23R},
  adsnote = {Provided by the SAO/NASA Astrophysics Data System}
}

@ARTICLE{pinilla14,
   author = {{Pinilla}, P. and {Benisty}, M. and {Birnstiel}, T. and {Ricci}, L. and 
	{Isella}, A. and {Natta}, A. and {Dullemond}, C.~P. and {Quiroga-Nu{\~n}ez}, L.~H. and 
	{Henning}, T. and {Testi}, L.},
    title = "{Millimetre spectral indices of transition disks and their relation to the cavity radius}",
  journal = {\aap},
archivePrefix = "arXiv",
   eprint = {1402.5778},
 primaryClass = "astro-ph.EP",
 keywords = {accretion, accretion disks, protoplanetary disks, circumstellar matter, planets and satellites: formation},
     year = 2014,
    month = apr,
   volume = 564,
      eid = {A51},
    pages = {A51},
      doi = {10.1051/0004-6361/201323322},
   adsurl = {http://adsabs.harvard.edu/abs/2014A%26A...564A..51P},
  adsnote = {Provided by the SAO/NASA Astrophysics Data System}
}

@ARTICLE{baruteau13b,
   author = {{Baruteau}, C. and {Crida}, A. and {Paardekooper}, S.-J. and 
	{Masset}, F. and {Guilet}, J. and {Bitsch}, B. and {Nelson}, R.~P. and 
	{Kley}, W. and {Papaloizou}, J.~C.~B.},
    title = "{Planet-Disc Interactions and Early Evolution of Planetary Systems}",
  journal = {ArXiv e-prints},
archivePrefix = "arXiv",
   eprint = {1312.4293},
 primaryClass = "astro-ph.EP",
 keywords = {Astrophysics - Earth and Planetary Astrophysics},
     year = 2013,
    month = dec,
   adsurl = {http://adsabs.harvard.edu/abs/2013arXiv1312.4293B},
  adsnote = {Provided by the SAO/NASA Astrophysics Data System}
}

@ARTICLE{lin79,
   author = {{Lin}, D.~N.~C. and {Papaloizou}, J.},
    title = "{Tidal torques on accretion discs in binary systems with extreme mass ratios}",
  journal = {\mnras},
 keywords = {Angular Momentum, Binary Stars, Momentum Transfer, Stellar Mass Accretion, Stellar Rotation, Transport Properties, Disks (Shapes), Dwarf Stars, Energy Dissipation, Light Curve, Mass Ratios, Novae, Reynolds Number, Tides, Torque},
     year = 1979,
    month = mar,
   volume = 186,
    pages = {799-812},
   adsurl = {http://adsabs.harvard.edu/abs/1979MNRAS.186..799L},
  adsnote = {Provided by the SAO/NASA Astrophysics Data System}
}

@ARTICLE{barge95,
   author = {{Barge}, P. and {Sommeria}, J.},
    title = "{Did planet formation begin inside persistent gaseous vortices?}",
  journal = {\aap},
   eprint = {astro-ph/9501050},
 keywords = {Astronomical Models, Cosmology, Gases, Gravitational Collapse, Planetary Evolution, Planetary Nebulae, Protoplanets, Vortices, Accretion Disks, Gravitational Effects, Planetary Mass, Planetary Orbits, Trapped Particles, Turbulent Diffusion},
     year = 1995,
    month = mar,
   volume = 295,
    pages = {L1-L4},
   adsurl = {http://adsabs.harvard.edu/abs/1995A%26A...295L...1B},
  adsnote = {Provided by the SAO/NASA Astrophysics Data System}
}


@ARTICLE{inaba06,
   author = {{Inaba}, S. and {Barge}, P.},
    title = "{Dusty Vortices in Protoplanetary Disks}",
  journal = {\apj},
 keywords = {Hydrodynamics, Methods: Numerical, Stars: Planetary Systems: Protoplanetary Disks, Solar System: Formation},
     year = 2006,
    month = sep,
   volume = 649,
    pages = {415-427},
      doi = {10.1086/506427},
   adsurl = {http://adsabs.harvard.edu/abs/2006ApJ...649..415I},
  adsnote = {Provided by the SAO/NASA Astrophysics Data System}
}

@ARTICLE{lyra13,
   author = {{Lyra}, W. and {Lin}, M.-K.},
    title = "{Steady State Dust Distributions in Disk Vortices: Observational Predictions and Applications to Transitional Disks}",
  journal = {\apj},
archivePrefix = "arXiv",
   eprint = {1307.3770},
 primaryClass = "astro-ph.EP",
 keywords = {methods: analytical, planet-disk interactions, planets and satellites: formation, protoplanetary disks },
     year = 2013,
    month = sep,
   volume = 775,
      eid = {17},
    pages = {17},
      doi = {10.1088/0004-637X/775/1/17},
   adsurl = {http://adsabs.harvard.edu/abs/2013ApJ...775...17L},
  adsnote = {Provided by the SAO/NASA Astrophysics Data System}
}

@ARTICLE{isella13,
   author = {{Isella}, A. and {P{\'e}rez}, L.~M. and {Carpenter}, J.~M. and 
	{Ricci}, L. and {Andrews}, S. and {Rosenfeld}, K.},
    title = "{An Azimuthal Asymmetry in the LkH{$\alpha$} 330 Disk}",
  journal = {\apj},
archivePrefix = "arXiv",
   eprint = {1307.5848},
 primaryClass = "astro-ph.SR",
 keywords = {planet-disk interactions, protoplanetary disks, submillimeter: planetary systems, techniques: interferometric },
     year = 2013,
    month = sep,
   volume = 775,
      eid = {30},
    pages = {30},
      doi = {10.1088/0004-637X/775/1/30},
   adsurl = {http://adsabs.harvard.edu/abs/2013ApJ...775...30I},
  adsnote = {Provided by the SAO/NASA Astrophysics Data System}
}

@ARTICLE{perez14,
   author = {{P{\'e}rez}, L.~M. and {Isella}, A. and {Carpenter}, J.~M. and 
	{Chandler}, C.~J.},
    title = "{Large-scale Asymmetries in the Transitional Disks of SAO 206462 and SR 21}",
  journal = {\apjl},
archivePrefix = "arXiv",
   eprint = {1402.0832},
 primaryClass = "astro-ph.SR",
 keywords = {protoplanetary disks },
     year = 2014,
    month = mar,
   volume = 783,
      eid = {L13},
    pages = {L13},
      doi = {10.1088/2041-8205/783/1/L13},
   adsurl = {http://adsabs.harvard.edu/abs/2014ApJ...783L..13P},
  adsnote = {Provided by the SAO/NASA Astrophysics Data System}
}

@ARTICLE{marel13,
   author = {{van der Marel}, N. and {van Dishoeck}, E.~F. and {Bruderer}, S. and 
	{Birnstiel}, T. and {Pinilla}, P. and {Dullemond}, C.~P. and 
	{van Kempen}, T.~A. and {Schmalzl}, M. and {Brown}, J.~M. and 
	{Herczeg}, G.~J. and {Mathews}, G.~S. and {Geers}, V.},
    title = "{A Major Asymmetric Dust Trap in a Transition Disk}",
  journal = {Science},
archivePrefix = "arXiv",
   eprint = {1306.1768},
 primaryClass = "astro-ph.EP",
     year = 2013,
    month = jun,
   volume = 340,
    pages = {1199-1202},
      doi = {10.1126/science.1236770},
   adsurl = {http://adsabs.harvard.edu/abs/2013Sci...340.1199V},
  adsnote = {Provided by the SAO/NASA Astrophysics Data System}
}

@ARTICLE{lyra08,
   author = {{Lyra}, W. and {Johansen}, A. and {Klahr}, H. and {Piskunov}, N.
	},
    title = "{Standing on the shoulders of giants. Trojan Earths and vortex trapping in low mass self-gravitating protoplanetary disks of gas and solids}",
  journal = {\aap},
archivePrefix = "arXiv",
   eprint = {0810.3192},
 keywords = {accretion, accretion disks, hydrodynamics, instabilities, methods: numerical, solar system: formation, planets and satellites: formation},
     year = 2009,
    month = jan,
   volume = 493,
    pages = {1125-1139},
      doi = {10.1051/0004-6361:200810797},
   adsurl = {http://adsabs.harvard.edu/abs/2009A%26A...493.1125L},
  adsnote = {Provided by the SAO/NASA Astrophysics Data System}
}

@ARTICLE{zhu14,
   author = {{Zhu}, Z. and {Stone}, J.~M. and {Rafikov}, R.~R. and {Bai}, X.-n.
	},
    title = "{Particle Concentration at Planet-induced Gap Edges and Vortices. I. Inviscid Three-dimensional Hydro Disks}",
  journal = {\apj},
archivePrefix = "arXiv",
   eprint = {1308.0648},
 primaryClass = "astro-ph.EP",
 keywords = {accretion, accretion disks, astroparticle physics, hydrodynamics, instabilities, planet-disk interactions, protoplanetary disks, stars: pre-main sequence, stars: protostars, waves },
     year = 2014,
    month = apr,
   volume = 785,
      eid = {122},
    pages = {122},
      doi = {10.1088/0004-637X/785/2/122},
   adsurl = {http://adsabs.harvard.edu/abs/2014ApJ...785..122Z},
  adsnote = {Provided by the SAO/NASA Astrophysics Data System}
}

@ARTICLE{lin13,
   author = {{Lin}, M.-K.},
    title = "{Non-barotropic Linear Rossby Wave Instability in Three-dimensional Disks}",
  journal = {\apj},
archivePrefix = "arXiv",
   eprint = {1209.0470},
 primaryClass = "astro-ph.EP",
 keywords = {accretion, accretion disks, hydrodynamics, instabilities, methods: analytical, methods: numerical, protoplanetary disks },
     year = 2013,
    month = mar,
   volume = 765,
      eid = {84},
    pages = {84},
      doi = {10.1088/0004-637X/765/2/84},
   adsurl = {http://adsabs.harvard.edu/abs/2013ApJ...765...84L},
  adsnote = {Provided by the SAO/NASA Astrophysics Data System}
}


@ARTICLE{lin14,
   author = {{Lin}, M.-K.},
    title = "{Testing large-scale vortex formation against viscous layers in three-dimensional discs}",
  journal = {\mnras},
archivePrefix = "arXiv",
   eprint = {1310.1393},
 primaryClass = "astro-ph.EP",
 keywords = {hydrodynamics, instabilities, methods: numerical, planet-disc interactions},
     year = 2014,
    month = jan,
   volume = 437,
    pages = {575-587},
      doi = {10.1093/mnras/stt1909},
   adsurl = {http://adsabs.harvard.edu/abs/2014MNRAS.437..575L},
  adsnote = {Provided by the SAO/NASA Astrophysics Data System}
}



@INPROCEEDINGS{lin14b,
   author = {{Lin}, M.-K. and {Cloutier}, R.},
    title = "{Gravitational instability of planetary gaps and its effect on orbital migration}",
 keywords = {hydrodynamics, instabilities, methods: numerical, planetary systems: protoplanetary disks, planets and satellites: formation,},
booktitle = {IAU Symposium},
     year = 2014,
   series = {IAU Symposium},
   volume = 299,
archivePrefix = "arXiv",
   eprint = {1401.5060},
 primaryClass = "astro-ph.EP",
   editor = {{Booth}, M. and {Matthews}, B.~C. and {Graham}, J.~R.},
    month = jan,
    pages = {218-219},
      doi = {10.1017/S1743921313008399},
   adsurl = {http://adsabs.harvard.edu/abs/2014IAUS..299..218L},
  adsnote = {Provided by the SAO/NASA Astrophysics Data System}
}

@ARTICLE{mignone07,
   author = {{Mignone}, A. and {Bodo}, G. and {Massaglia}, S. and {Matsakos}, T. and 
	{Tesileanu}, O. and {Zanni}, C. and {Ferrari}, A.},
    title = "{PLUTO: A Numerical Code for Computational Astrophysics}",
  journal = {\apjs},
   eprint = {astro-ph/0701854},
 keywords = {Hydrodynamics, Methods: Numerical, Magnetohydrodynamics: MHD, Relativity, Shock Waves},
     year = 2007,
    month = may,
   volume = 170,
    pages = {228-242},
      doi = {10.1086/513316},
   adsurl = {http://adsabs.harvard.edu/abs/2007ApJS..170..228M},
  adsnote = {Provided by the SAO/NASA Astrophysics Data System}
}

@book{shu91,
  title={The Physics of Astrophysics: Gas dynamics},
  author={Shu, F.H.},
  isbn={9780935702651},
  lccn={91065168},
  series={Series of books in astronomy},
  url={http://books.google.com/books?id=50VYSc56URUC},
  year={1991},
  publisher={University Science Books}
}


@ARTICLE{muller12,
   author = {{M{\"u}ller}, T.~W.~A. and {Kley}, W. and {Meru}, F.},
    title = "{Treating gravity in thin-disk simulations}",
  journal = {\aap},
archivePrefix = "arXiv",
   eprint = {1203.1413},
 primaryClass = "astro-ph.EP",
 keywords = {accretion, accretion disks, planets and satellites: formation, hydrodynamics, methods: numerical, protoplanetary disks},
     year = 2012,
    month = may,
   volume = 541,
      eid = {A123},
    pages = {A123},
      doi = {10.1051/0004-6361/201118737},
   adsurl = {http://adsabs.harvard.edu/abs/2012A%26A...541A.123M},
  adsnote = {Provided by the SAO/NASA Astrophysics Data System}
}


@ARTICLE{michael10,
   author = {{Michael}, S. and {Durisen}, R.~H.},
    title = "{Stellar motion induced by gravitational instabilities in protoplanetary discs}",
  journal = {\mnras},
 keywords = {accretion, accretion discs, hydrodynamics, planets and satellites: formation, protoplanetary discs},
     year = 2010,
    month = jul,
   volume = 406,
    pages = {279-289},
      doi = {10.1111/j.1365-2966.2010.16694.x},
   adsurl = {http://adsabs.harvard.edu/abs/2010MNRAS.406..279M},
  adsnote = {Provided by the SAO/NASA Astrophysics Data System}
}

@ARTICLE{laughlin96,
   author = {{Laughlin}, G. and {Korchagin}, V.},
    title = "{Nonlinear Generation of One-armed Spirals in Self-gravitating Disks}",
  journal = {\apj},
 keywords = {STARS: CIRCUMSTELLAR MATTER, HYDRODYNAMICS, INSTABILITIES, SOLAR SYSTEM: FORMATION},
     year = 1996,
    month = apr,
   volume = 460,
    pages = {855},
      doi = {10.1086/177015},
   adsurl = {http://adsabs.harvard.edu/abs/1996ApJ...460..855L},
  adsnote = {Provided by the SAO/NASA Astrophysics Data System}
}

@ARTICLE{laughlin97,
   author = {{Laughlin}, G. and {Korchagin}, V. and {Adams}, F.~C.
	},
    title = "{Spiral Mode Saturation in Self-Gravitating Disks}",
  journal = {\apj},
 keywords = {Subject headings: circumstellar matter -- hydrodynamics -- instabilities -- solar system: formation -- stars: formation},
     year = 1997,
    month = mar,
   volume = 477,
    pages = {410-423},
   adsurl = {http://adsabs.harvard.edu/abs/1997ApJ...477..410L},
  adsnote = {Provided by the SAO/NASA Astrophysics Data System}
}

@ARTICLE{ryu92,
   author = {{Ryu}, D. and {Goodman}, J.},
    title = "{Convective instability in differentially rotating disks}",
  journal = {\apj},
 keywords = {Accretion Disks, Convective Flow, Magnetohydrodynamic Stability, Mass Flow, Rotating Plasmas, Active Galactic Nuclei, Angular Momentum, Angular Velocity, Momentum Transfer, Quasars},
     year = 1992,
    month = apr,
   volume = 388,
    pages = {438-450},
      doi = {10.1086/171165},
   adsurl = {http://adsabs.harvard.edu/abs/1992ApJ...388..438R},
  adsnote = {Provided by the SAO/NASA Astrophysics Data System}
}

@ARTICLE{narayan87,
   author = {{Narayan}, R. and {Goldreich}, P. and {Goodman}, J.},
    title = "{Physics of modes in a differentially rotating system - Analysis of the shearing sheet}",
  journal = {\mnras},
 keywords = {Compressible Flow, Computational Astrophysics, Computational Fluid Dynamics, Rotating Fluids, Shear Layers, Two Dimensional Flow, Coriolis Effect, Density Distribution, Disk Galaxies, Protostars, Stellar Rotation},
     year = 1987,
    month = sep,
   volume = 228,
    pages = {1-41},
   adsurl = {http://adsabs.harvard.edu/abs/1987MNRAS.228....1N},
  adsnote = {Provided by the SAO/NASA Astrophysics Data System}
}

@ARTICLE{casassus13,
   author = {{Casassus}, S. and {van der Plas}, G. and {M}, S.~P. and {Dent}, W.~R.~F. and 
	{Fomalont}, E. and {Hagelberg}, J. and {Hales}, A. and {Jord{\'a}n}, A. and 
	{Mawet}, D. and {M{\'e}nard}, F. and {Wootten}, A. and {Wilner}, D. and 
	{Hughes}, A.~M. and {Schreiber}, M.~R. and {Girard}, J.~H. and 
	{Ercolano}, B. and {Canovas}, H. and {Rom{\'a}n}, P.~E. and 
	{Salinas}, V.},
    title = "{Flows of gas through a protoplanetary gap}",
  journal = {\nat},
archivePrefix = "arXiv",
   eprint = {1305.6062},
 primaryClass = "astro-ph.GA",
     year = 2013,
    month = jan,
   volume = 493,
    pages = {191-194},
      doi = {10.1038/nature11769},
   adsurl = {http://adsabs.harvard.edu/abs/2013Natur.493..191C},
  adsnote = {Provided by the SAO/NASA Astrophysics Data System}
}

@ARTICLE{fukagawa13,
   author = {{Fukagawa}, M. and {Tsukagoshi}, T. and {Momose}, M. and {Saigo}, K. and 
	{Ohashi}, N. and {Kitamura}, Y. and {Inutsuka}, S.-i. and {Muto}, T. and 
	{Nomura}, H. and {Takeuchi}, T. and {Kobayashi}, H. and {Hanawa}, T. and 
	{Akiyama}, E. and {Honda}, M. and {Fujiwara}, H. and {Kataoka}, A. and 
	{Takahashi}, S.~Z. and {Shibai}, H.},
    title = "{Local Enhancement of the Surface Density in the Protoplanetary Ring Surrounding HD 142527}",
  journal = {\pasj},
archivePrefix = "arXiv",
   eprint = {1309.7400},
 primaryClass = "astro-ph.SR",
 keywords = {instabilities, stars: individual (HD 142527), stars: planetary systems: formation, stars: planetary systems: protoplanetary disk, submillimeter},
     year = 2013,
    month = dec,
   volume = 65,
    pages = {L14},
      doi = {10.1093/pasj/65.6.L14},
   adsurl = {http://adsabs.harvard.edu/abs/2013PASJ...65L..14F},
  adsnote = {Provided by the SAO/NASA Astrophysics Data System}
}


@ARTICLE{follette14,
   author = {{Follette}, K.~B. and {Grady}, C.~A. and {Swearingen}, J.~R. and 
	{Sitko}, M.~L. and {Champney}, E.~H. and {van der Marel}, N. and 
	{Takami}, M. and {Kuchner}, M.~J. and {Close}, L.~M. and {Muto}, T. and 
	{Mayama}, S. and {McElwain}, M.~W. and {Fukagawa}, M. and {Maaskant}, K. and 
	{Min}, M. and {Russell}, R.~W. and {Kudo}, T. and {Kusakabe}, N. and 
	{Hashimoto}, J. and {Abe}, L. and {Akiyama}, E. and {Brandner}, W. and 
	{Brandt}, T.~D. and {Carson}, J. and {Currie}, T. and {Egner}, S.~E. and 
	{Feldt}, M. and {Goto}, M. and {Guyon}, O. and {Hayano}, Y. and 
	{Hayashi}, M. and {Hayashi}, S. and {Henning}, T. and {Hodapp}, K. and 
	{Ishii}, M. and {Iye}, M. and {Janson}, M. and {Kandori}, R. and 
	{Knapp}, G.~R. and {Kuzuhara}, M. and {Kwon}, J. and {Matsuo}, T. and 
	{Miyama}, S. and {Morino}, J.-I. and {Moro-Martin}, A. and {Nishimura}, T. and 
	{Pyo}, T.-S. and {Serabyn}, E. and {Suenaga}, T. and {Suto}, H. and 
	{Suzuki}, R. and {Takahashi}, Y. and {Takato}, N. and {Terada}, H. and 
	{Thalmann}, C. and {Tomono}, D. and {Turner}, E.~L. and {Watanabe}, M. and 
	{Wisniewski}, J.~P. and {Yamada}, T. and {Takami}, H. and {Usuda}, T. and 
	{Tamura}, M.},
    title = "{SEEDS Adaptive Optics Imaging of the Asymmetric Transition Disk Oph IRS 48 in Scattered Light}",
  journal = {ArXiv e-prints},
archivePrefix = "arXiv",
   eprint = {1411.0671},
 primaryClass = "astro-ph.EP",
 keywords = {Astrophysics - Earth and Planetary Astrophysics, Astrophysics - Solar and Stellar Astrophysics},
     year = 2014,
    month = nov,
   adsurl = {http://adsabs.harvard.edu/abs/2014arXiv1411.0671F},
  adsnote = {Provided by the SAO/NASA Astrophysics Data System}
}

@ARTICLE{muto12,
   author = {{Muto}, T. and {Grady}, C.~A. and {Hashimoto}, J. and {Fukagawa}, M. and 
	{Hornbeck}, J.~B. and {Sitko}, M. and {Russell}, R. and {Werren}, C. and 
	{Cur{\'e}}, M. and {Currie}, T. and {Ohashi}, N. and {Okamoto}, Y. and 
	{Momose}, M. and {Honda}, M. and {Inutsuka}, S. and {Takeuchi}, T. and 
	{Dong}, R. and {Abe}, L. and {Brandner}, W. and {Brandt}, T. and 
	{Carson}, J. and {Egner}, S. and {Feldt}, M. and {Fukue}, T. and 
	{Goto}, M. and {Guyon}, O. and {Hayano}, Y. and {Hayashi}, M. and 
	{Hayashi}, S. and {Henning}, T. and {Hodapp}, K.~W. and {Ishii}, M. and 
	{Iye}, M. and {Janson}, M. and {Kandori}, R. and {Knapp}, G.~R. and 
	{Kudo}, T. and {Kusakabe}, N. and {Kuzuhara}, M. and {Matsuo}, T. and 
	{Mayama}, S. and {McElwain}, M.~W. and {Miyama}, S. and {Morino}, J.-I. and 
	{Moro-Martin}, A. and {Nishimura}, T. and {Pyo}, T.-S. and {Serabyn}, E. and 
	{Suto}, H. and {Suzuki}, R. and {Takami}, M. and {Takato}, N. and 
	{Terada}, H. and {Thalmann}, C. and {Tomono}, D. and {Turner}, E.~L. and 
	{Watanabe}, M. and {Wisniewski}, J.~P. and {Yamada}, T. and 
	{Takami}, H. and {Usuda}, T. and {Tamura}, M.},
    title = "{Discovery of Small-scale Spiral Structures in the Disk of SAO 206462 (HD 135344B): Implications for the Physical State of the Disk from Spiral Density Wave Theory}",
  journal = {\apjl},
archivePrefix = "arXiv",
   eprint = {1202.6139},
 primaryClass = "astro-ph.EP",
 keywords = {circumstellar matter, instrumentation: high angular resolution, polarization, protoplanetary disks, stars: individual: SAO 206462 HD 135344B, waves},
     year = 2012,
    month = apr,
   volume = 748,
      eid = {L22},
    pages = {L22},
      doi = {10.1088/2041-8205/748/2/L22},
   adsurl = {http://adsabs.harvard.edu/abs/2012ApJ...748L..22M},
  adsnote = {Provided by the SAO/NASA Astrophysics Data System}
}

@ARTICLE{christiaens14,
   author = {{Christiaens}, V. and {Casassus}, S. and {Perez}, S. and {van der Plas}, G. and 
	{M{\'e}nard}, F.},
    title = "{Spiral Arms in the Disk of HD 142527 from CO Emission Lines with ALMA}",
  journal = {\apjl},
archivePrefix = "arXiv",
   eprint = {1403.1463},
 primaryClass = "astro-ph.EP",
 keywords = {planet-disk interactions, protoplanetary disks, stars: individual: HD 142527 },
     year = 2014,
    month = apr,
   volume = 785,
      eid = {L12},
    pages = {L12},
      doi = {10.1088/2041-8205/785/1/L12},
   adsurl = {http://adsabs.harvard.edu/abs/2014ApJ...785L..12C},
  adsnote = {Provided by the SAO/NASA Astrophysics Data System}
}

@ARTICLE{avenhaus14,
   author = {{Avenhaus}, H. and {Quanz}, S.~P. and {Schmid}, H.~M. and {Meyer}, M.~R. and 
	{Garufi}, A. and {Wolf}, S. and {Dominik}, C.},
    title = "{Structures in the Protoplanetary Disk of HD142527 Seen in Polarized Scattered Light}",
  journal = {\apj},
archivePrefix = "arXiv",
   eprint = {1311.7088},
 primaryClass = "astro-ph.SR",
 keywords = {planet-disk interactions, protoplanetary disks, stars: formation, stars: individual: HD142527, stars: pre-main sequence },
     year = 2014,
    month = feb,
   volume = 781,
      eid = {87},
    pages = {87},
      doi = {10.1088/0004-637X/781/2/87},
   adsurl = {http://adsabs.harvard.edu/abs/2014ApJ...781...87A},
  adsnote = {Provided by the SAO/NASA Astrophysics Data System}
}


@ARTICLE{boccaletti14,
   author = {{Boccaletti}, A. and {Pantin}, E. and {Lagrange}, A.-M. and 
	{Augereau}, J.-C. and {Meheut}, H. and {Quanz}, S.~P.},
    title = "{Multiple spiral patterns in the transitional disk of HD 100546}",
  journal = {\aap},
archivePrefix = "arXiv",
   eprint = {1310.7092},
 primaryClass = "astro-ph.EP",
 keywords = {stars: individual: HD 100546, protoplanetary disks, planet-disk interactions, stars: early-type, techniques: image processing, techniques: high angular resolution},
     year = 2013,
    month = dec,
   volume = 560,
      eid = {A20},
    pages = {A20},
      doi = {10.1051/0004-6361/201322365},
   adsurl = {http://adsabs.harvard.edu/abs/2013A%26A...560A..20B},
  adsnote = {Provided by the SAO/NASA Astrophysics Data System}
}

@ARTICLE{grady13,
   author = {{Grady}, C.~A. and {Muto}, T. and {Hashimoto}, J. and {Fukagawa}, M. and 
	{Currie}, T. and {Biller}, B. and {Thalmann}, C. and {Sitko}, M.~L. and 
	{Russell}, R. and {Wisniewski}, J. and {Dong}, R. and {Kwon}, J. and 
	{Sai}, S. and {Hornbeck}, J. and {Schneider}, G. and {Hines}, D. and 
	{Moro Mart{\'{\i}}n}, A. and {Feldt}, M. and {Henning}, T. and 
	{Pott}, J.-U. and {Bonnefoy}, M. and {Bouwman}, J. and {Lacour}, S. and 
	{Mueller}, A. and {Juh{\'a}sz}, A. and {Crida}, A. and {Chauvin}, G. and 
	{Andrews}, S. and {Wilner}, D. and {Kraus}, A. and {Dahm}, S. and 
	{Robitaille}, T. and {Jang-Condell}, H. and {Abe}, L. and {Akiyama}, E. and 
	{Brandner}, W. and {Brandt}, T. and {Carson}, J. and {Egner}, S. and 
	{Follette}, K.~B. and {Goto}, M. and {Guyon}, O. and {Hayano}, Y. and 
	{Hayashi}, M. and {Hayashi}, S. and {Hodapp}, K. and {Ishii}, M. and 
	{Iye}, M. and {Janson}, M. and {Kandori}, R. and {Knapp}, G. and 
	{Kudo}, T. and {Kusakabe}, N. and {Kuzuhara}, M. and {Mayama}, S. and 
	{McElwain}, M. and {Matsuo}, T. and {Miyama}, S. and {Morino}, J.-I. and 
	{Nishimura}, T. and {Pyo}, T.-S. and {Serabyn}, G. and {Suto}, H. and 
	{Suzuki}, R. and {Takami}, M. and {Takato}, N. and {Terada}, H. and 
	{Tomono}, D. and {Turner}, E. and {Watanabe}, M. and {Yamada}, T. and 
	{Takami}, H. and {Usuda}, T. and {Tamura}, M.},
    title = "{Spiral Arms in the Asymmetrically Illuminated Disk of MWC 758 and Constraints on Giant Planets}",
  journal = {\apj},
archivePrefix = "arXiv",
   eprint = {1212.1466},
 primaryClass = "astro-ph.SR",
 keywords = {circumstellar matter, instrumentation: high angular resolution, polarization, protoplanetary disks, stars: individual: MWC 758, waves},
     year = 2013,
    month = jan,
   volume = 762,
      eid = {48},
    pages = {48},
      doi = {10.1088/0004-637X/762/1/48},
   adsurl = {http://adsabs.harvard.edu/abs/2013ApJ...762...48G},
  adsnote = {Provided by the SAO/NASA Astrophysics Data System}
}


@ARTICLE{turner14,
   author = {{Turner}, N.~J. and {Fromang}, S. and {Gammie}, C. and {Klahr}, H. and 
	{Lesur}, G. and {Wardle}, M. and {Bai}, X.-N.},
    title = "{Transport and Accretion in Planet-Forming Disks}",
  journal = {ArXiv e-prints},
archivePrefix = "arXiv",
   eprint = {1401.7306},
 primaryClass = "astro-ph.EP",
 keywords = {Astrophysics - Earth and Planetary Astrophysics},
     year = 2014,
    month = jan,
   adsurl = {http://adsabs.harvard.edu/abs/2014arXiv1401.7306T},
  adsnote = {Provided by the SAO/NASA Astrophysics Data System}
}

@ARTICLE{laughlin98,
   author = {{Laughlin}, G. and {Korchagin}, V. and {Adams}, F.~C.},
    title = "{The Dynamics of Heavy Gaseous Disks}",
  journal = {\apj},
 keywords = {ACCRETION, ACCRETION DISKS, STARS: CIRCUMSTELLAR MATTER, HYDRODYNAMICS, INSTABILITIES, STARS: FORMATION, Accretion, Accretion Disks, Stars: Circumstellar Matter, Hydrodynamics, Instabilities, Stars: Formation},
     year = 1998,
    month = sep,
   volume = 504,
    pages = {945-966},
      doi = {10.1086/306117},
   adsurl = {http://adsabs.harvard.edu/abs/1998ApJ...504..945L},
  adsnote = {Provided by the SAO/NASA Astrophysics Data System}
}

@ARTICLE{laughlin96b,
   author = {{Laughlin}, G. and {Rozyczka}, M.},
    title = "{The Effect of Gravitational Instabilities on Protostellar Disks}",
  journal = {\apj},
 keywords = {HYDRODYNAMICS, INSTABILITIES, ACCRETION, ACCRETION DISKS, STARS: CIRCUMSTELLAR MATTER},
     year = 1996,
    month = jan,
   volume = 456,
    pages = {279},
      doi = {10.1086/176648},
   adsurl = {http://adsabs.harvard.edu/abs/1996ApJ...456..279L},
  adsnote = {Provided by the SAO/NASA Astrophysics Data System}
}

@ARTICLE{lodato04,
   author = {{Lodato}, G. and {Rice}, W.~K.~M.},
    title = "{Testing the locality of transport in self-gravitating accretion discs}",
  journal = {\mnras},
   eprint = {astro-ph/0403185},
 keywords = {accretion, accretion discs, gravitation, instabilities, stars: formation, galaxies: active},
     year = 2004,
    month = jun,
   volume = 351,
    pages = {630-642},
      doi = {10.1111/j.1365-2966.2004.07811.x},
   adsurl = {http://adsabs.harvard.edu/abs/2004MNRAS.351..630L},
  adsnote = {Provided by the SAO/NASA Astrophysics Data System}
}

@ARTICLE{lodato05,
   author = {{Lodato}, G. and {Rice}, W.~K.~M.},
    title = "{Testing the locality of transport in self-gravitating accretion discs - II. The massive disc case}",
  journal = {\mnras},
   eprint = {astro-ph/0501638},
 keywords = {accretion, accretion discs, gravitation, instabilities, stars: formation, galaxies: active, galaxies: spiral},
     year = 2005,
    month = apr,
   volume = 358,
    pages = {1489-1500},
      doi = {10.1111/j.1365-2966.2005.08875.x},
   adsurl = {http://adsabs.harvard.edu/abs/2005MNRAS.358.1489L},
  adsnote = {Provided by the SAO/NASA Astrophysics Data System}
}


@ARTICLE{pickett03,
   author = {{Pickett}, B.~K. and {Mej{\'{\i}}a}, A.~C. and {Durisen}, R.~H. and 
	{Cassen}, P.~M. and {Berry}, D.~K. and {Link}, R.~P.},
    title = "{The Thermal Regulation of Gravitational Instabilities in Protoplanetary Disks}",
  journal = {\apj},
 keywords = {Hydrodynamics, Instabilities, Stars: Planetary Systems: Formation, Planets and Satellites: Formation, Solar System: Formation, Stars: Formation},
     year = 2003,
    month = jun,
   volume = 590,
    pages = {1060-1080},
      doi = {10.1086/375147},
   adsurl = {http://adsabs.harvard.edu/abs/2003ApJ...590.1060P},
  adsnote = {Provided by the SAO/NASA Astrophysics Data System}
}

@ARTICLE{dipierror14,
   author = {{Dipierro}, G. and {Lodato}, G. and {Testi}, L. and {de Gregorio Monsalvo}, I.
	},
    title = "{How to detect the signatures of self-gravitating circumstellar discs with the Atacama Large Millimeter/sub-millimeter Array}",
  journal = {\mnras},
archivePrefix = "arXiv",
   eprint = {1409.2243},
 primaryClass = "astro-ph.SR",
 keywords = {accretion, accretion discs, gravitation, instabilities, circumstellar matter, stars: pre-main-sequence, submillimetre: stars},
     year = 2014,
    month = oct,
   volume = 444,
    pages = {1919-1929},
      doi = {10.1093/mnras/stu1584},
   adsurl = {http://adsabs.harvard.edu/abs/2014MNRAS.444.1919D},
  adsnote = {Provided by the SAO/NASA Astrophysics Data System}
}

@ARTICLE{forgan11,
   author = {{Forgan}, D. and {Rice}, K. and {Cossins}, P. and {Lodato}, G.
	},
    title = "{The nature of angular momentum transport in radiative self-gravitating protostellar discs}",
  journal = {\mnras},
archivePrefix = "arXiv",
   eprint = {1008.1547},
 primaryClass = "astro-ph.SR",
 keywords = {accretion, accretion discs, gravitation, instabilities, stars: formation, stars: general},
     year = 2011,
    month = jan,
   volume = 410,
    pages = {994-1006},
      doi = {10.1111/j.1365-2966.2010.17500.x},
   adsurl = {http://adsabs.harvard.edu/abs/2011MNRAS.410..994F},
  adsnote = {Provided by the SAO/NASA Astrophysics Data System}
}

@ARTICLE{cossins10,
   author = {{Cossins}, P. and {Lodato}, G. and {Testi}, L.},
    title = "{Resolved images of self-gravitating circumstellar discs with ALMA}",
  journal = {\mnras},
archivePrefix = "arXiv",
   eprint = {1004.5389},
 primaryClass = "astro-ph.SR",
 keywords = {accretion, accretion discs, gravitation, instabilities, circumstellar matter, stars: pre-main-sequence, submillimetre: stars},
     year = 2010,
    month = sep,
   volume = 407,
    pages = {181-188},
      doi = {10.1111/j.1365-2966.2010.16934.x},
   adsurl = {http://adsabs.harvard.edu/abs/2010MNRAS.407..181C},
  adsnote = {Provided by the SAO/NASA Astrophysics Data System}
}

@ARTICLE{cossins09,
   author = {{Cossins}, P. and {Lodato}, G. and {Clarke}, C.~J.},
    title = "{Characterizing the gravitational instability in cooling accretion discs}",
  journal = {\mnras},
archivePrefix = "arXiv",
   eprint = {0811.3629},
 keywords = {accretion, accretion discs , gravitation , hydrodynamics , instabilities , planetary systems: formation , galaxies: active},
     year = 2009,
    month = mar,
   volume = 393,
    pages = {1157-1173},
      doi = {10.1111/j.1365-2966.2008.14275.x},
   adsurl = {http://adsabs.harvard.edu/abs/2009MNRAS.393.1157C},
  adsnote = {Provided by the SAO/NASA Astrophysics Data System}
}

@ARTICLE{balbus99,
   author = {{Balbus}, S.~A. and {Papaloizou}, J.~C.~B.},
    title = "{On the Dynamical Foundations of {$\alpha$} Disks}",
  journal = {\apj},
   eprint = {astro-ph/9903035},
 keywords = {ACCRETION, ACCRETION DISKS, HYDRODYNAMICS, INSTABILITIES, TURBULENCE, Accretion, Accretion Disks, Hydrodynamics, Instabilities, Turbulence},
     year = 1999,
    month = aug,
   volume = 521,
    pages = {650-658},
      doi = {10.1086/307594},
   adsurl = {http://adsabs.harvard.edu/abs/1999ApJ...521..650B},
  adsnote = {Provided by the SAO/NASA Astrophysics Data System}
}

@ARTICLE{inutsuka10,
   author = {{Inutsuka}, S.-i. and {Machida}, M.~N. and {Matsumoto}, T.},
    title = "{Emergence of Protoplanetary Disks and Successive Formation of Gaseous Planets by Gravitational Instability}",
  journal = {\apjl},
archivePrefix = "arXiv",
   eprint = {0912.5439},
 primaryClass = "astro-ph.EP",
 keywords = {brown dwarfs, ISM: clouds, ISM: jets and outflows, ISM: magnetic fields, magnetohydrodynamics: MHD, stars: formation, stars: low-mass},
     year = 2010,
    month = aug,
   volume = 718,
    pages = {L58-L62},
      doi = {10.1088/2041-8205/718/2/L58},
   adsurl = {http://adsabs.harvard.edu/abs/2010ApJ...718L..58I},
  adsnote = {Provided by the SAO/NASA Astrophysics Data System}
}

@ARTICLE{tsukamoto13,
   author = {{Tsukamoto}, Y. and {Machida}, M.~N. and {Inutsuka}, S.-i.},
    title = "{Formation, orbital and thermal evolution, and survival of planetary-mass clumps in the early phase of circumstellar disc evolution}",
  journal = {\mnras},
archivePrefix = "arXiv",
   eprint = {1307.6910},
 primaryClass = "astro-ph.SR",
 keywords = {hydrodynamics, radiative transfer, planets and satellites: formation, proto-planetary discs, stars: formation},
     year = 2013,
    month = dec,
   volume = 436,
    pages = {1667-1673},
      doi = {10.1093/mnras/stt1684},
   adsurl = {http://adsabs.harvard.edu/abs/2013MNRAS.436.1667T},
  adsnote = {Provided by the SAO/NASA Astrophysics Data System}
}

@ARTICLE{kratter10b,
   author = {{Kratter}, K.~M. and {Matzner}, C.~D. and {Krumholz}, M.~R. and 
	{Klein}, R.~I.},
    title = "{On the Role of Disks in the Formation of Stellar Systems: A Numerical Parameter Study of Rapid Accretion}",
  journal = {\apj},
archivePrefix = "arXiv",
   eprint = {0907.3476},
 primaryClass = "astro-ph.SR",
 keywords = {accretion, accretion disks, binaries: general, stars: formation, stars: low-mass, brown dwarfs},
     year = 2010,
    month = jan,
   volume = 708,
    pages = {1585-1597},
      doi = {10.1088/0004-637X/708/2/1585},
   adsurl = {http://adsabs.harvard.edu/abs/2010ApJ...708.1585K},
  adsnote = {Provided by the SAO/NASA Astrophysics Data System}
}


@ARTICLE{landry13,
   author = {{Landry}, R. and {Dodson-Robinson}, S.~E. and {Turner}, N.~J. and 
	{Abram}, G.},
    title = "{Protostellar Disk Evolution over Million-year Timescales with a Prescription for Magnetized Turbulence}",
  journal = {\apj},
archivePrefix = "arXiv",
   eprint = {1305.0770},
 primaryClass = "astro-ph.EP",
 keywords = {accretion, accretion disks, instabilities, magnetic fields, magnetohydrodynamics: MHD, protoplanetary disks, stars: formation},
     year = 2013,
    month = jul,
   volume = 771,
      eid = {80},
    pages = {80},
      doi = {10.1088/0004-637X/771/2/80},
   adsurl = {http://adsabs.harvard.edu/abs/2013ApJ...771...80L},
  adsnote = {Provided by the SAO/NASA Astrophysics Data System}
}

@ARTICLE{martin12,
   author = {{Martin}, R.~G. and {Lubow}, S.~H. and {Livio}, M. and {Pringle}, J.~E.
	},
    title = "{Dead zones around young stellar objects: dependence on physical parameters}",
  journal = {\mnras},
archivePrefix = "arXiv",
   eprint = {1112.3364},
 primaryClass = "astro-ph.SR",
 keywords = {accretion, accretion discs, protoplanetary discs, stars: pre-main-sequence},
     year = 2012,
    month = mar,
   volume = 420,
    pages = {3139-3146},
      doi = {10.1111/j.1365-2966.2011.20241.x},
   adsurl = {http://adsabs.harvard.edu/abs/2012MNRAS.420.3139M},
  adsnote = {Provided by the SAO/NASA Astrophysics Data System}
}

@ARTICLE{martin12b,
   author = {{Martin}, R.~G. and {Lubow}, S.~H. and {Livio}, M. and {Pringle}, J.~E.
	},
    title = "{Dead zones around young stellar objects: FU Orionis outbursts and transition discs}",
  journal = {\mnras},
archivePrefix = "arXiv",
   eprint = {1204.2959},
 primaryClass = "astro-ph.SR",
 keywords = {accretion, accretion discs, protoplanetary discs, circumstellar matter, stars: pre-main-sequence},
     year = 2012,
    month = jul,
   volume = 423,
    pages = {2718-2725},
      doi = {10.1111/j.1365-2966.2012.21076.x},
   adsurl = {http://adsabs.harvard.edu/abs/2012MNRAS.423.2718M},
  adsnote = {Provided by the SAO/NASA Astrophysics Data System}
}

@ARTICLE{armitage01,
   author = {{Armitage}, P.~J. and {Livio}, M. and {Pringle}, J.~E.},
    title = "{Episodic accretion in magnetically layered protoplanetary discs}",
  journal = {\mnras},
   eprint = {astro-ph/0101253},
 keywords = {ACCRETION, ACCRETION DISCS, MHD, PLANETS AND SATELLITES: FORMATION, SOLAR SYSTEM: FORMATION, PLANETARY SYSTEMS: PROTOPLANETARY DISCS, STARS: PRE-MAIN-SEQUENCE},
     year = 2001,
    month = jun,
   volume = 324,
    pages = {705-711},
      doi = {10.1046/j.1365-8711.2001.04356.x},
   adsurl = {http://adsabs.harvard.edu/abs/2001MNRAS.324..705A},
  adsnote = {Provided by the SAO/NASA Astrophysics Data System}
}

@ARTICLE{fleming03,
   author = {{Fleming}, T. and {Stone}, J.~M.},
    title = "{Local Magnetohydrodynamic Models of Layered Accretion Disks}",
  journal = {\apj},
   eprint = {astro-ph/0210541},
 keywords = {Accretion, Accretion Disks, Magnetohydrodynamics: MHD},
     year = 2003,
    month = mar,
   volume = 585,
    pages = {908-920},
      doi = {10.1086/345848},
   adsurl = {http://adsabs.harvard.edu/abs/2003ApJ...585..908F},
  adsnote = {Provided by the SAO/NASA Astrophysics Data System}
}


@ARTICLE{turner08,
   author = {{Turner}, N.~J. and {Sano}, T.},
    title = "{Dead Zone Accretion Flows in Protostellar Disks}",
  journal = {\apjl},
archivePrefix = "arXiv",
   eprint = {0804.2916},
 keywords = {Stars: Circumstellar Matter, Instabilities, Magnetohydrodynamics: MHD, Solar System: Formation, Stars: Formation},
     year = 2008,
    month = jun,
   volume = 679,
    pages = {L131-L134},
      doi = {10.1086/589540},
   adsurl = {http://adsabs.harvard.edu/abs/2008ApJ...679L.131T},
  adsnote = {Provided by the SAO/NASA Astrophysics Data System}
}

@ARTICLE{zhu09,
   author = {{Zhu}, Z. and {Hartmann}, L. and {Gammie}, C. and {McKinney}, J.~C.
	},
    title = "{Two-dimensional Simulations of FU Orionis Disk Outbursts}",
  journal = {\apj},
archivePrefix = "arXiv",
   eprint = {0906.1595},
 primaryClass = "astro-ph.SR",
 keywords = {accretion, accretion disks, circumstellar matter, convection, stars: formation, stars: pre-main sequence, stars: variables: other},
     year = 2009,
    month = aug,
   volume = 701,
    pages = {620-634},
      doi = {10.1088/0004-637X/701/1/620},
   adsurl = {http://adsabs.harvard.edu/abs/2009ApJ...701..620Z},
  adsnote = {Provided by the SAO/NASA Astrophysics Data System}
}

@ARTICLE{zhu10,
   author = {{Zhu}, Z. and {Hartmann}, L. and {Gammie}, C.~F. and {Book}, L.~G. and 
	{Simon}, J.~B. and {Engelhard}, E.},
    title = "{Long-term Evolution of Protostellar and Protoplanetary Disks. I. Outbursts}",
  journal = {\apj},
archivePrefix = "arXiv",
   eprint = {1003.1759},
 primaryClass = "astro-ph.SR",
 keywords = {accretion, accretion disks, stars: formation, stars: pre-main sequence},
     year = 2010,
    month = apr,
   volume = 713,
    pages = {1134-1142},
      doi = {10.1088/0004-637X/713/2/1134},
   adsurl = {http://adsabs.harvard.edu/abs/2010ApJ...713.1134Z},
  adsnote = {Provided by the SAO/NASA Astrophysics Data System}
}

@ARTICLE{zhu10b,
   author = {{Zhu}, Z. and {Hartmann}, L. and {Gammie}, C.},
    title = "{Long-term Evolution of Protostellar and Protoplanetary Disks. II. Layered Accretion with Infall}",
  journal = {\apj},
archivePrefix = "arXiv",
   eprint = {1003.1756},
 primaryClass = "astro-ph.SR",
 keywords = {accretion, accretion disks, stars: formation, stars: pre-main sequence},
     year = 2010,
    month = apr,
   volume = 713,
    pages = {1143-1158},
      doi = {10.1088/0004-637X/713/2/1143},
   adsurl = {http://adsabs.harvard.edu/abs/2010ApJ...713.1143Z},
  adsnote = {Provided by the SAO/NASA Astrophysics Data System}
}

@ARTICLE{bae14,
   author = {{Bae}, J. and {Hartmann}, L. and {Zhu}, Z. and {Nelson}, R.~P.
	},
    title = "{Accretion Outbursts in Self-gravitating Protoplanetary Disks}",
  journal = {\apj},
archivePrefix = "arXiv",
   eprint = {1409.3891},
 primaryClass = "astro-ph.SR",
 keywords = {accretion, accretion disks, hydrodynamics, instabilities, stars: formation, stars: pre-main sequence },
     year = 2014,
    month = nov,
   volume = 795,
      eid = {61},
    pages = {61},
      doi = {10.1088/0004-637X/795/1/61},
   adsurl = {http://adsabs.harvard.edu/abs/2014ApJ...795...61B},
  adsnote = {Provided by the SAO/NASA Astrophysics Data System}
}

@ARTICLE{bae13,
   author = {{Bae}, J. and {Hartmann}, L. and {Zhu}, Z. and {Gammie}, C.},
    title = "{Variable Accretion Outbursts in Protostellar Evolution}",
  journal = {\apj},
archivePrefix = "arXiv",
   eprint = {1212.6454},
 primaryClass = "astro-ph.SR",
 keywords = {accretion, accretion disks, stars: formation, stars: pre-main sequence },
     year = 2013,
    month = feb,
   volume = 764,
      eid = {141},
    pages = {141},
      doi = {10.1088/0004-637X/764/2/141},
   adsurl = {http://adsabs.harvard.edu/abs/2013ApJ...764..141B},
  adsnote = {Provided by the SAO/NASA Astrophysics Data System}
}

@ARTICLE{lynden-bell72,
   author = {{Lynden-Bell}, D. and {Kalnajs}, A.~J.},
    title = "{On the generating mechanism of spiral structure}",
  journal = {\mnras},
     year = 1972,
   volume = 157,
    pages = {1},
   adsurl = {http://adsabs.harvard.edu/abs/1972MNRAS.157....1L},
  adsnote = {Provided by the SAO/NASA Astrophysics Data System}
}

@ARTICLE{goldreich65,
   author = {{Goldreich}, P. and {Lynden-Bell}, D.},
    title = "{II. Spiral arms as sheared gravitational instabilities}",
  journal = {\mnras},
     year = 1965,
   volume = 130,
    pages = {125},
   adsurl = {http://adsabs.harvard.edu/abs/1965MNRAS.130..125G},
  adsnote = {Provided by the SAO/NASA Astrophysics Data System}
}


@ARTICLE{hadley11,
   author = {{Hadley}, K. and {Imamura}, J.~N.},
    title = "{Nonaxisymmetric instabilities of self-gravitating disks. I toroids}",
  journal = {\apss},
 keywords = {Hydrodynamics: stability, Stars: rotation},
     year = 2011,
    month = jul,
   volume = 334,
    pages = {1-26},
      doi = {10.1007/s10509-011-0668-z},
   adsurl = {http://adsabs.harvard.edu/abs/2011Ap%26SS.334....1H},
  adsnote = {Provided by the SAO/NASA Astrophysics Data System}
}


@ARTICLE{hadley14,
   author = {{Hadley}, K.~Z. and {Fernandez}, P. and {Imamura}, J.~N. and 
	{Keever}, E. and {Tumblin}, R. and {Dumas}, W.},
    title = "{Nonaxisymmetric instabilities in self-gravitating disks. II. Linear and quasi-linear analyses}",
  journal = {\apss},
archivePrefix = "arXiv",
   eprint = {1407.3494},
 primaryClass = "astro-ph.SR",
 keywords = {Hydrodynamics: stability, Star/disk systems},
     year = 2014,
    month = sep,
   volume = 353,
    pages = {191-222},
      doi = {10.1007/s10509-014-1994-8},
   adsurl = {http://adsabs.harvard.edu/abs/2014Ap%26SS.353..191H},
  adsnote = {Provided by the SAO/NASA Astrophysics Data System}
}

@ARTICLE{nelson98,
   author = {{Nelson}, A.~F. and {Benz}, W. and {Adams}, F.~C. and {Arnett}, D.
	},
    title = "{Dynamics of Circumstellar Disks}",
  journal = {\apj},
   eprint = {astro-ph/9802191},
 keywords = {STARS: FORMATION, ACCRETION, ACCRETION DISKS, HYDRODYNAMICS, STARS: CIRCUMSTELLAR MATTER, METHODS: NUMERICAL, STARS: PRE-MAIN-SEQUENCE, Accretion, Accretion Disks, Stars: Circumstellar Matter, Hydrodynamics, Methods: Numerical, Stars: Formation, Stars: Pre-Main-Sequence},
     year = 1998,
    month = jul,
   volume = 502,
    pages = {342-371},
      doi = {10.1086/305869},
   adsurl = {http://adsabs.harvard.edu/abs/1998ApJ...502..342N},
  adsnote = {Provided by the SAO/NASA Astrophysics Data System}
}

@ARTICLE{heemskerk92,
   author = {{Heemskerk}, M.~H.~M. and {Papaloizou}, J.~C. and {Savonije}, G.~J.
	},
    title = "{Non-linear development of M = 1 instabilities in a self-gravitating gaseous disc}",
  journal = {\aap},
 keywords = {Accretion Disks, Hydrodynamic Equations, Perturbation Theory, Stellar Gravitation, Stellar Mass, Center Of Mass, Nonlinear Equations, Pressure Oscillations},
     year = 1992,
    month = jul,
   volume = 260,
    pages = {161-174},
   adsurl = {http://adsabs.harvard.edu/abs/1992A%26A...260..161H},
  adsnote = {Provided by the SAO/NASA Astrophysics Data System}
}

@ARTICLE{noh91,
   author = {{Noh}, H. and {Vishniac}, E.~T. and {Cochran}, W.~D.},
    title = "{Gravitational instabilities in a proto-planetary disk}",
  journal = {\apj},
 keywords = {Computational Astrophysics, Gravitational Effects, Planetary Evolution, Pre-Main Sequence Stars, Protoplanets, Astronomical Models, Cosmic Dust, Entropy, Interstellar Gas, Perturbation Theory},
     year = 1991,
    month = dec,
   volume = 383,
    pages = {372-379},
      doi = {10.1086/170795},
   adsurl = {http://adsabs.harvard.edu/abs/1991ApJ...383..372N},
  adsnote = {Provided by the SAO/NASA Astrophysics Data System}
}

@INPROCEEDINGS{toomre81,
   author = {{Toomre}, A.},
    title = "{What amplifies the spirals}",
 keywords = {Galactic Structure, Rotating Disks, Spiral Galaxies, Star Distribution, Stellar Motions, Gravitational Effects, Halos, Radial Velocity, Shear Flow},
booktitle = {Structure and Evolution of Normal Galaxies},
     year = 1981,
   editor = {{Fall}, S.~M. and {Lynden-Bell}, D.},
    pages = {111-136},
   adsurl = {http://adsabs.harvard.edu/abs/1981seng.proc..111T},
  adsnote = {Provided by the SAO/NASA Astrophysics Data System}
}

@ARTICLE{hopkins10,
   author = {{Hopkins}, P.~F.},
    title = "{Origins, Structure, and Inflows of m=1 Modes in Quasi-Keplerian Disks}",
  journal = {ArXiv e-prints},
archivePrefix = "arXiv",
   eprint = {1009.4702},
 primaryClass = "astro-ph.CO",
 keywords = {Astrophysics - Cosmology and Extragalactic Astrophysics, Astrophysics - Galaxy Astrophysics, Astrophysics - Solar and Stellar Astrophysics},
     year = 2010,
    month = sep,
   adsurl = {http://adsabs.harvard.edu/abs/2010arXiv1009.4702H},
  adsnote = {Provided by the SAO/NASA Astrophysics Data System}
}

@ARTICLE{ostriker92,
   author = {{Ostriker}, E.~C. and {Shu}, F.~H. and {Adams}, F.~C.},
    title = "{Near-resonant excitation and propagation of eccentric density waves by external forcing}",
  journal = {\apj},
 keywords = {Accretion Disks, Computational Astrophysics, Density Distribution, Star Formation, Wave Excitation, Wave Propagation, Astronomical Models, Companion Stars, Differential Equations, Disturbances, Stellar Orbits, Wentzel-Kramer-Brillouin Method},
     year = 1992,
    month = nov,
   volume = 399,
    pages = {192-212},
      doi = {10.1086/171916},
   adsurl = {http://adsabs.harvard.edu/abs/1992ApJ...399..192O},
  adsnote = {Provided by the SAO/NASA Astrophysics Data System}
}

@ARTICLE{tremaine01,
   author = {{Tremaine}, S.},
    title = "{Slow Modes in Keplerian Disks}",
  journal = {\aj},
   eprint = {astro-ph/0011571},
 keywords = {celestial mechanics, Galaxies: Nuclei, Stars: Formation-},
     year = 2001,
    month = mar,
   volume = 121,
    pages = {1776-1789},
      doi = {10.1086/319398},
   adsurl = {http://adsabs.harvard.edu/abs/2001AJ....121.1776T},
  adsnote = {Provided by the SAO/NASA Astrophysics Data System}
}

@ARTICLE{papaloizou02,
   author = {{Papaloizou}, J.~C.~B.},
    title = "{Global m = 1 modes and migration of protoplanetary cores in eccentric protoplanetary discs}",
  journal = {\aap},
   eprint = {astro-ph/0204197},
 keywords = {planetary systems: formation, planetary systems, planetary systems: protoplanetary disks, stars: individual: Ups And},
     year = 2002,
    month = jun,
   volume = 388,
    pages = {615-631},
      doi = {10.1051/0004-6361:20020490},
   adsurl = {http://adsabs.harvard.edu/abs/2002A%26A...388..615P},
  adsnote = {Provided by the SAO/NASA Astrophysics Data System}
}

@ARTICLE{christo93,
   author = {{Christodoulou}, D.~M.},
    title = "{The stability of accretion tori. V - Unstable modes and avoided crossings in extended, self-gravitating annuli}",
  journal = {\apj},
 keywords = {Accretion Disks, Magnetohydrodynamic Stability, Nonlinear Evolution Equations, Star Formation, Toroidal Plasmas, Astronomical Models, Equilibrium Equations, Gravitational Effects},
     year = 1993,
    month = aug,
   volume = 412,
    pages = {696-719},
      doi = {10.1086/172955},
   adsurl = {http://adsabs.harvard.edu/abs/1993ApJ...412..696C},
  adsnote = {Provided by the SAO/NASA Astrophysics Data System}
}

@ARTICLE{christo92,
   author = {{Christodoulou}, D.~M. and {Narayan}, R.},
    title = "{The stability of accretion tori. IV - Fission and fragmentation of slender, self-gravitating annuli}",
  journal = {\apj},
 keywords = {Accretion Disks, Magnetohydrodynamic Stability, Rotating Plasmas, Star Formation, Toroidal Plasmas, Angular Momentum, Annuli, Slender Bodies},
     year = 1992,
    month = apr,
   volume = 388,
    pages = {451-466},
      doi = {10.1086/171166},
   adsurl = {http://adsabs.harvard.edu/abs/1992ApJ...388..451C},
  adsnote = {Provided by the SAO/NASA Astrophysics Data System}
}

@ARTICLE{hashimoto11,
   author = {{Hashimoto}, J. and {Tamura}, M. and {Muto}, T. and {Kudo}, T. and 
	{Fukagawa}, M. and {Fukue}, T. and {Goto}, M. and {Grady}, C.~A. and 
	{Henning}, T. and {Hodapp}, K. and {Honda}, M. and {Inutsuka}, S. and 
	{Kokubo}, E. and {Knapp}, G. and {McElwain}, M.~W. and {Momose}, M. and 
	{Ohashi}, N. and {Okamoto}, Y.~K. and {Takami}, M. and {Turner}, E.~L. and 
	{Wisniewski}, J. and {Janson}, M. and {Abe}, L. and {Brandner}, W. and 
	{Carson}, J. and {Egner}, S. and {Feldt}, M. and {Golota}, T. and 
	{Guyon}, O. and {Hayano}, Y. and {Hayashi}, M. and {Hayashi}, S. and 
	{Ishii}, M. and {Kandori}, R. and {Kusakabe}, N. and {Matsuo}, T. and 
	{Mayama}, S. and {Miyama}, S. and {Morino}, J.-I. and {Moro-Martin}, A. and 
	{Nishimura}, T. and {Pyo}, T.-S. and {Suto}, H. and {Suzuki}, R. and 
	{Takato}, N. and {Terada}, H. and {Thalmann}, C. and {Tomono}, D. and 
	{Watanabe}, M. and {Yamada}, T. and {Takami}, H. and {Usuda}, T.
	},
    title = "{Direct Imaging of Fine Structures in Giant Planet-forming Regions of the Protoplanetary Disk Around AB Aurigae}",
  journal = {\apjl},
archivePrefix = "arXiv",
   eprint = {1102.4408},
 primaryClass = "astro-ph.SR",
 keywords = {planetary systems, polarization, protoplanetary disks, stars: individual: AB Aurigae, stars: pre-main sequence},
     year = 2011,
    month = mar,
   volume = 729,
      eid = {L17},
    pages = {L17},
      doi = {10.1088/2041-8205/729/2/L17},
   adsurl = {http://adsabs.harvard.edu/abs/2011ApJ...729L..17H},
  adsnote = {Provided by the SAO/NASA Astrophysics Data System}
}


@ARTICLE{ogilvie08,
   author = {{Ogilvie}, G.~I.},
    title = "{3D eccentric discs around Be stars}",
  journal = {\mnras},
 keywords = {accretion, accretion discs , hydrodynamics , circumstellar matter , stars: emission-line, Be},
     year = 2008,
    month = aug,
   volume = 388,
    pages = {1372-1380},
      doi = {10.1111/j.1365-2966.2008.13484.x},
   adsurl = {http://adsabs.harvard.edu/abs/2008MNRAS.388.1372O},
  adsnote = {Provided by the SAO/NASA Astrophysics Data System}
}

@ARTICLE{papaloizou06c,
   author = {{Papaloizou}, J.~C.~B. and {Savonije}, G.~J.},
    title = "{One-armed oscillations in Be star discs}",
  journal = {\aap},
   eprint = {astro-ph/0608694},
 keywords = {stars: emission-line, Be},
     year = 2006,
    month = sep,
   volume = 456,
    pages = {1097-1104},
      doi = {10.1051/0004-6361:20065407},
   adsurl = {http://adsabs.harvard.edu/abs/2006A%26A...456.1097P},
  adsnote = {Provided by the SAO/NASA Astrophysics Data System}
}

@ARTICLE{rivinius13,
   author = {{Rivinius}, T. and {Carciofi}, A.~C. and {Martayan}, C.},
    title = "{Classical Be stars. Rapidly rotating B stars with viscous Keplerian decretion disks}",
  journal = {\aapr},
archivePrefix = "arXiv",
   eprint = {1310.3962},
 primaryClass = "astro-ph.SR",
 keywords = {Stars: emission-line, Be, Stars: rotation, Stars: oscillations, Stars: winds, outflows, Stars: circumstellar matter},
     year = 2013,
    month = oct,
   volume = 21,
      eid = {69},
    pages = {69},
      doi = {10.1007/s00159-013-0069-0},
   adsurl = {http://adsabs.harvard.edu/abs/2013A%26ARv..21...69R},
  adsnote = {Provided by the SAO/NASA Astrophysics Data System}
}

@ARTICLE{okasaki97,
   author = {{Okazaki}, A.~T.},
    title = "{On the confinement of one-armed oscillations in discs of Be stars.}",
  journal = {\aap},
 keywords = {GLOBAL DISC OSCILLATION, HYDRODYNAMICS, RADIATIVE TRANSFER, STARS: CIRCUMSTELLAR MATTER, STARS: EMISSION LINE, BE},
     year = 1997,
    month = feb,
   volume = 318,
    pages = {548-560},
   adsurl = {http://adsabs.harvard.edu/abs/1997A%26A...318..548O},
  adsnote = {Provided by the SAO/NASA Astrophysics Data System}
}

@ARTICLE{rafikov05,
   author = {{Rafikov}, R.~R.},
    title = "{Can Giant Planets Form by Direct Gravitational Instability?}",
  journal = {\apjl},
   eprint = {astro-ph/0406469},
 keywords = {Planets and Satellites: Formation, Solar System: Formation},
     year = 2005,
    month = mar,
   volume = 621,
    pages = {L69-L72},
      doi = {10.1086/428899},
   adsurl = {http://adsabs.harvard.edu/abs/2005ApJ...621L..69R},
  adsnote = {Provided by the SAO/NASA Astrophysics Data System}
}

@ARTICLE{matzner05,
   author = {{Matzner}, C.~D. and {Levin}, Y.},
    title = "{Protostellar Disks: Formation, Fragmentation, and the Brown Dwarf Desert}",
  journal = {\apj},
   eprint = {astro-ph/0408525},
 keywords = {Stars: Formation, Stars: Low-Mass, Brown Dwarfs},
     year = 2005,
    month = aug,
   volume = 628,
    pages = {817-831},
      doi = {10.1086/430813},
   adsurl = {http://adsabs.harvard.edu/abs/2005ApJ...628..817M},
  adsnote = {Provided by the SAO/NASA Astrophysics Data System}
}

@ARTICLE{kimura12,
   author = {{Kimura}, S.~S. and {Tsuribe}, T.},
    title = "{Conditions of Gravitational Instability in Protoplanetary Disks}",
  journal = {\pasj},
archivePrefix = "arXiv",
   eprint = {1205.3013},
 primaryClass = "astro-ph.EP",
 keywords = {accretion, accretion disks, instabilities, stars: planetary systems: formation, stars: planetary systems: protoplanetary disk},
     year = 2012,
    month = oct,
   volume = 64,
    pages = {116},
      doi = {10.1093/pasj/64.5.116},
   adsurl = {http://adsabs.harvard.edu/abs/2012PASJ...64..116K},
  adsnote = {Provided by the SAO/NASA Astrophysics Data System}
}

@ARTICLE{kato83,
   author = {{Kato}, S.},
    title = "{Low-frequency, one-armed oscillations of Keplerian gaseous disks}",
  journal = {\pasj},
 keywords = {Astronomical Models, Disk Galaxies, Galactic Structure, Gas Flow, Oscillating Flow, Spiral Galaxies, Density Wave Model, Kepler Laws, Low Frequencies, Shell Stars, Trapping, Wave Equations},
     year = 1983,
   volume = 35,
    pages = {249-261},
   adsurl = {http://adsabs.harvard.edu/abs/1983PASJ...35..249K},
  adsnote = {Provided by the SAO/NASA Astrophysics Data System}
}

@ARTICLE{durisen08,
   author = {{Durisen}, R.~H. and {Hartquist}, T.~W. and {Pickett}, M.~K.
	},
    title = "{The formation of fragments at corotation in isothermal protoplanetary disks}",
  journal = {\apss},
archivePrefix = "arXiv",
   eprint = {0709.1445},
 keywords = {Accretion, accretion disks, Hydrodynamics, Instabilities, Planetary systems: formation, Planetary systems: protoplanetary disks},
     year = 2008,
    month = sep,
   volume = 317,
    pages = {3-8},
      doi = {10.1007/s10509-008-9863-y},
   adsurl = {http://adsabs.harvard.edu/abs/2008Ap%26SS.317....3D},
  adsnote = {Provided by the SAO/NASA Astrophysics Data System}
}

@ARTICLE{mcnally14,
   author = {{McNally}, C.~P. and {Pessah}, M.~E.},
    title = "{On Vertically Global, Horizontally Local Models for Astrophysical Disks}",
  journal = {ArXiv e-prints},
archivePrefix = "arXiv",
   eprint = {1406.4864},
 primaryClass = "astro-ph.EP",
 keywords = {Astrophysics - Earth and Planetary Astrophysics, Astrophysics - Astrophysics of Galaxies, Astrophysics - High Energy Astrophysical Phenomena},
     year = 2014,
    month = jun,
   adsurl = {http://adsabs.harvard.edu/abs/2014arXiv1406.4864M},
  adsnote = {Provided by the SAO/NASA Astrophysics Data System}
}

